<?xml version="1.0" encoding="UTF-8"?>
<!DOCTYPE html PUBLIC "-//W3C//DTD XHTML 1.0 Transitional//EN"
    "http://www.w3.org/TR/xhtml1/DTD/xhtml1-transitional.dtd">
<html xmlns="http://www.w3.org/1999/xhtml" xml:lang="en" lang="en">
 <head>
  <title>
</title>
<meta http-equiv="Content-Type" content="text/html;charset=utf-8" />
  <meta name='ocr-system' content='tesseract 3.04.00' />
  <meta name='ocr-capabilities' content='ocr_page ocr_carea ocr_par ocr_line ocrx_word'/>
</head>
<body>
  <div class='ocr_page' id='page_1' title='image "./quaeferturorati00haargoog_0013.png"; bbox 0 0 3350 5417; ppageno 0'>
   <div class='ocr_carea' id='block_1_1' title="bbox 1093 1382 1889 1467">
    <p class='ocr_par' dir='ltr' id='par_1_1' title="bbox 1093 1382 1889 1467">
     <span class='ocr_line' id='line_1_1' title="bbox 1093 1382 1889 1467; baseline 0.004 -3"><span class='ocrx_word' id='word_1_1' title='bbox 1093 1382 1889 1467; x_wconf 64' lang='grc' dir='ltr'>ΡΒΑΕῈΑΤΠλ</span> 
     </span>
    </p>
   </div>
   <div class='ocr_carea' id='block_1_2' title="bbox 260 1824 2697 4751">
    <p class='ocr_par' dir='ltr' id='par_1_2' title="bbox 280 1824 2680 2232">
     <span class='ocr_line' id='line_1_2' title="bbox 376 1824 2676 1914; baseline 0.003 -24"><span class='ocrx_word' id='word_1_2' title='bbox 376 1825 455 1890; x_wconf 90' lang='lat' dir='ltr'>In</span> <span class='ocrx_word' id='word_1_3' title='bbox 502 1824 888 1891; x_wconf 81' lang='lat' dir='ltr'>illustranda</span> <span class='ocrx_word' id='word_1_4' title='bbox 933 1827 1051 1891; x_wconf 88' lang='lat' dir='ltr'>hac</span> <span class='ocrx_word' id='word_1_5' title='bbox 1095 1829 1380 1892; x_wconf 88' lang='lat' dir='ltr'>oratione</span> <span class='ocrx_word' id='word_1_6' title='bbox 1426 1833 1683 1892; x_wconf 82' lang='lat' dir='ltr'>textum</span> <span class='ocrx_word' id='word_1_7' title='bbox 1730 1832 1939 1914; x_wconf 82' lang='lat' dir='ltr'>recepi</span> <span class='ocrx_word' id='word_1_8' title='bbox 1986 1830 2234 1895; x_wconf 88' lang='lat' dir='ltr'>editum</span> <span class='ocrx_word' id='word_1_9' title='bbox 2275 1852 2312 1896; x_wconf 97' lang='lat' dir='ltr'>a</span> <span class='ocrx_word' id='word_1_10' title='bbox 2350 1831 2453 1896; x_wconf 88' lang='lat' dir='ltr'>Fr.</span> <span class='ocrx_word' id='word_1_11' title='bbox 2495 1830 2676 1895; x_wconf 87' lang='lat' dir='ltr'>Blass</span> 
     </span>
     <span class='ocr_line' id='line_1_3' title="bbox 280 1930 2679 2022; baseline 0.002 -25"><span class='ocrx_word' id='word_1_12' title='bbox 280 1935 351 1997; x_wconf 90' lang='lat' dir='ltr'>in</span> <span class='ocrx_word' id='word_1_13' title='bbox 424 1931 711 1996; x_wconf 90' lang='lat' dir='ltr'>editione</span> <span class='ocrx_word' id='word_1_14' title='bbox 778 1931 1226 1997; x_wconf 78' lang='lat' dir='ltr'>Demosthenis</span> <span class='ocrx_word' id='word_1_15' title='bbox 1290 1933 1460 2017; x_wconf 92' lang='lat' dir='ltr'>apud</span> <span class='ocrx_word' id='word_1_16' title='bbox 1519 1933 1595 1997; x_wconf 90' lang='grc' dir='ltr'>Β.</span> <span class='ocrx_word' id='word_1_17' title='bbox 1661 1930 1742 1999; x_wconf 81' lang='lat' dir='ltr'>G.</span> <span class='ocrx_word' id='word_1_18' title='bbox 1807 1934 2128 2010; x_wconf 83' lang='lat' dir='ltr'>Teubner,</span> <span class='ocrx_word' id='word_1_19' title='bbox 2193 1937 2361 2002; x_wconf 91' lang='lat' dir='ltr'>unde</span> <span class='ocrx_word' id='word_1_20' title='bbox 2426 1958 2679 2022; x_wconf 89' lang='lat' dir='ltr'>quoque</span> 
     </span>
     <span class='ocr_line' id='line_1_4' title="bbox 282 2039 2680 2128; baseline 0.002 -26"><span class='ocrx_word' id='word_1_21' title='bbox 282 2040 835 2102; x_wconf 85' lang='lat' dir='ltr'>commentarium</span> <span class='ocrx_word' id='word_1_22' title='bbox 893 2041 1189 2103; x_wconf 88' lang='lat' dir='ltr'>criticum</span> <span class='ocrx_word' id='word_1_23' title='bbox 1213 2088 1228 2116; x_wconf 94' lang='lat'><strong><em>,</em></strong></span> <span class='ocrx_word' id='word_1_24' title='bbox 1277 2039 1444 2103; x_wconf 84' lang='lat' dir='ltr'>infra</span> <span class='ocrx_word' id='word_1_25' title='bbox 1499 2044 1751 2104; x_wconf 84' lang='lat' dir='ltr'>textum</span> <span class='ocrx_word' id='word_1_26' title='bbox 1798 2044 2118 2126; x_wconf 88' lang='lat' dir='ltr'>positum,</span> <span class='ocrx_word' id='word_1_27' title='bbox 2167 2046 2568 2128; x_wconf 89' lang='lat' dir='ltr'>transscripsi</span> <span class='ocrx_word' id='word_1_28' title='bbox 2615 2049 2680 2107; x_wconf 91' lang='lat' dir='ltr'>et</span> 
     </span>
     <span class='ocr_line' id='line_1_5' title="bbox 282 2144 2086 2232; baseline 0.002 -25"><span class='ocrx_word' id='word_1_29' title='bbox 282 2146 629 2230; x_wconf 75' lang='lat' dir='ltr'>perpaucis</span> <span class='ocrx_word' id='word_1_30' title='bbox 675 2146 1050 2209; x_wconf 89' lang='lat' dir='ltr'>coniecturis</span> <span class='ocrx_word' id='word_1_31' title='bbox 1097 2150 1459 2209; x_wconf 90' lang='lat' dir='ltr'>memoratu</span> <span class='ocrx_word' id='word_1_32' title='bbox 1508 2144 1723 2230; x_wconf 83' lang='lat' dir='ltr'>dignis</span> <span class='ocrx_word' id='word_1_33' title='bbox 1770 2146 2086 2232; x_wconf 77' lang='lat' dir='ltr'>supplevi.</span> 
     </span>
    </p>

    <p class='ocr_par' dir='ltr' id='par_1_3' title="bbox 382 2247 2199 2336">
     <span class='ocr_line' id='line_1_6' title="bbox 382 2247 2199 2336; baseline 0.001 -20"><span class='ocrx_word' id='word_1_34' title='bbox 382 2247 655 2316; x_wconf 81' lang='lat' dir='ltr'>Codices</span> <span class='ocrx_word' id='word_1_35' title='bbox 701 2270 853 2336; x_wconf 83' lang='lat' dir='ltr'>ergo</span> <span class='ocrx_word' id='word_1_36' title='bbox 900 2252 1218 2315; x_wconf 84' lang='lat' dir='ltr'>nominati</span> <span class='ocrx_word' id='word_1_37' title='bbox 1265 2256 1417 2314; x_wconf 91' lang='lat' dir='ltr'>sunt</span> <span class='ocrx_word' id='word_1_38' title='bbox 1464 2256 1540 2314; x_wconf 93' lang='lat' dir='ltr'>ut</span> <span class='ocrx_word' id='word_1_39' title='bbox 1588 2252 1757 2336; x_wconf 88' lang='lat' dir='ltr'>apud</span> <span class='ocrx_word' id='word_1_40' title='bbox 1802 2252 2001 2330; x_wconf 87' lang='lat' dir='ltr'>Blass,</span> <span class='ocrx_word' id='word_1_41' title='bbox 2052 2252 2199 2317; x_wconf 88' lang='lat' dir='ltr'>scil:</span> 
     </span>
    </p>

    <p class='ocr_par' dir='ltr' id='par_1_4' title="bbox 571 2352 2027 3273">
     <span class='ocr_line' id='line_1_7' title="bbox 571 2352 1357 2421; baseline 0.003 -3"><span class='ocrx_word' id='word_1_42' title='bbox 571 2353 618 2418; x_wconf 81' lang='lat' dir='ltr'>S</span> <span class='ocrx_word' id='word_1_43' title='bbox 665 2359 763 2418; x_wconf 93' lang='lat' dir='ltr'>est</span> <span class='ocrx_word' id='word_1_44' title='bbox 807 2352 962 2421; x_wconf 83' lang='lat' dir='ltr'>cod.</span> <span class='ocrx_word' id='word_1_45' title='bbox 1009 2355 1357 2420; x_wconf 84' lang='lat' dir='ltr'>Parisinus.</span> 
     </span>
     <span class='ocr_line' id='line_1_8' title="bbox 877 2461 2027 2547; baseline 0.004 -23"><span class='ocrx_word' id='word_1_46' title='bbox 877 2510 911 2537; x_wconf 89' lang='lat'>‚‚</span> <span class='ocrx_word' id='word_1_47' title='bbox 1009 2462 1429 2547; x_wconf 80' lang='lat' dir='ltr'>Augustanus</span> <span class='ocrx_word' id='word_1_48' title='bbox 1476 2461 1508 2525; x_wconf 95' lang='lat' dir='ltr'>I</span> <span class='ocrx_word' id='word_1_49' title='bbox 1554 2461 2027 2545; x_wconf 86' lang='lat' dir='ltr'>(Monacensis).</span> 
     </span>
     <span class='ocr_line' id='line_1_9' title="bbox 882 2566 2007 2650; baseline 0.002 -19"><span class='ocrx_word' id='word_1_50' title='bbox 882 2615 913 2641; x_wconf 89' lang='lat'><strong>„</strong></span> <span class='ocrx_word' id='word_1_51' title='bbox 1012 2566 1417 2633; x_wconf 87' lang='lat' dir='ltr'>Florentinus</span> <span class='ocrx_word' id='word_1_52' title='bbox 1466 2567 2007 2650; x_wconf 75' lang='lat' dir='ltr'>(Laurentianus).</span> 
     </span>
     <span class='ocr_line' id='line_1_10' title="bbox 700 2670 1310 2747; baseline 0.003 -13"><span class='ocrx_word' id='word_1_53' title='bbox 700 2718 735 2747; x_wconf 87' lang='lat'>‚‚</span> <span class='ocrx_word' id='word_1_54' title='bbox 881 2720 914 2747; x_wconf 90' lang='lat'>,‚</span> <span class='ocrx_word' id='word_1_55' title='bbox 1013 2670 1310 2737; x_wconf 89' lang='lat' dir='ltr'>Venetus.</span> 
     </span>
     <span class='ocr_line' id='line_1_11' title="bbox 880 2777 1381 2852; baseline 0.004 -12"><span class='ocrx_word' id='word_1_56' title='bbox 880 2825 914 2852; x_wconf 90' lang='lat'>‚‚</span> <span class='ocrx_word' id='word_1_57' title='bbox 1012 2777 1381 2844; x_wconf 80' lang='lat' dir='ltr'>Bavaricus.</span> 
     </span>
     <span class='ocr_line' id='line_1_12' title="bbox 879 2883 1360 2959; baseline 0.004 -13"><span class='ocrx_word' id='word_1_58' title='bbox 879 2932 912 2959; x_wconf 90' lang='lat'>,‚</span> <span class='ocrx_word' id='word_1_59' title='bbox 1010 2883 1360 2948; x_wconf 88' lang='lat' dir='ltr'>Parisinus.</span> 
     </span>
     <span class='ocr_line' id='line_1_13' title="bbox 844 2988 1460 3063; baseline 0.003 -12"><span class='ocrx_word' id='word_1_60' title='bbox 844 3019 913 3063; x_wconf 88' lang='lat'>-‚‚</span> <span class='ocrx_word' id='word_1_61' title='bbox 1010 2988 1460 3054; x_wconf 80' lang='lat' dir='ltr'>Bruxellensis.</span> 
     </span>
     <span class='ocr_line' id='line_1_14' title="bbox 877 3092 1532 3169; baseline 0.003 -13"><span class='ocrx_word' id='word_1_62' title='bbox 877 3142 911 3169; x_wconf 90' lang='lat'>‚‚</span> <span class='ocrx_word' id='word_1_63' title='bbox 1010 3092 1532 3159; x_wconf 88' lang='lat' dir='ltr'>Vindobonensis.</span> 
     </span>
     <span class='ocr_line' id='line_1_15' title="bbox 884 3198 1502 3273; baseline 0.002 -11"><span class='ocrx_word' id='word_1_64' title='bbox 884 3246 918 3273; x_wconf 90' lang='lat'><em>„</em></span> <span class='ocrx_word' id='word_1_65' title='bbox 1016 3198 1502 3264; x_wconf 78' lang='lat' dir='ltr'>Laurentianus.</span> 
     </span>
    </p>

    <p class='ocr_par' dir='ltr' id='par_1_5' title="bbox 1011 3304 1746 3389">
     <span class='ocr_line' id='line_1_16' title="bbox 1011 3304 1746 3389; baseline 0.001 -19"><span class='ocrx_word' id='word_1_66' title='bbox 1011 3304 1414 3382; x_wconf 88' lang='lat' dir='ltr'>Marcianus,</span> <span class='ocrx_word' id='word_1_67' title='bbox 1467 3326 1746 3389; x_wconf 90' lang='lat' dir='ltr'>quorum</span> 
     </span>
    </p>

    <p class='ocr_par' dir='ltr' id='par_1_6' title="bbox 299 3407 2693 3578">
     <span class='ocr_line' id='line_1_17' title="bbox 391 3407 2693 3491; baseline 0.004 -19"><span class='ocrx_word' id='word_1_68' title='bbox 391 3409 628 3491; x_wconf 84' lang='lat' dir='ltr'>optimi</span> <span class='ocrx_word' id='word_1_69' title='bbox 672 3407 946 3473; x_wconf 90' lang='lat' dir='ltr'>habendi</span> <span class='ocrx_word' id='word_1_70' title='bbox 993 3415 1143 3474; x_wconf 90' lang='lat' dir='ltr'>sunt</span> <span class='ocrx_word' id='word_1_71' title='bbox 1189 3409 1234 3475; x_wconf 80' lang='lat' dir='ltr'>S</span> <span class='ocrx_word' id='word_1_72' title='bbox 1280 3414 1345 3475; x_wconf 89' lang='lat' dir='ltr'>et</span> <span class='ocrx_word' id='word_1_73' title='bbox 1388 3410 1476 3488; x_wconf 89' lang='lat' dir='ltr'>L,</span> <span class='ocrx_word' id='word_1_74' title='bbox 1525 3415 1801 3479; x_wconf 89' lang='lat' dir='ltr'>secundo</span> <span class='ocrx_word' id='word_1_75' title='bbox 1848 3414 1986 3479; x_wconf 94' lang='lat' dir='ltr'>loco</span> <span class='ocrx_word' id='word_1_76' title='bbox 2036 3416 2128 3491; x_wconf 88' lang='lat' dir='ltr'>A,</span> <span class='ocrx_word' id='word_1_77' title='bbox 2178 3415 2290 3480; x_wconf 88' lang='lat' dir='ltr'>alii</span> <span class='ocrx_word' id='word_1_78' title='bbox 2344 3423 2494 3481; x_wconf 91' lang='lat' dir='ltr'>sunt</span> <span class='ocrx_word' id='word_1_79' title='bbox 2534 3419 2693 3483; x_wconf 87' lang='lat' dir='ltr'>infe-</span> 
     </span>
     <span class='ocr_line' id='line_1_18' title="bbox 299 3514 744 3578; baseline 0.002 -1"><span class='ocrx_word' id='word_1_80' title='bbox 299 3514 490 3578; x_wconf 89' lang='lat' dir='ltr'>rioris</span> <span class='ocrx_word' id='word_1_81' title='bbox 537 3518 744 3578; x_wconf 82' lang='lat' dir='ltr'>notae.</span> 
     </span>
    </p>

    <p class='ocr_par' dir='ltr' id='par_1_7' title="bbox 394 3617 1959 3703">
     <span class='ocr_line' id='line_1_19' title="bbox 394 3617 1959 3703; baseline 0.006 -22"><span class='ocrx_word' id='word_1_82' title='bbox 394 3617 595 3682; x_wconf 86' lang='lat' dir='ltr'>Porro</span> <span class='ocrx_word' id='word_1_83' title='bbox 639 3618 718 3683; x_wconf 87' lang='lat' dir='ltr'>ad</span> <span class='ocrx_word' id='word_1_84' title='bbox 765 3640 925 3703; x_wconf 91' lang='lat' dir='ltr'>opus</span> <span class='ocrx_word' id='word_1_85' title='bbox 971 3641 1195 3685; x_wconf 91' lang='lat' dir='ltr'>meum</span> <span class='ocrx_word' id='word_1_86' title='bbox 1242 3620 1611 3686; x_wconf 85' lang='lat' dir='ltr'>adiumento</span> <span class='ocrx_word' id='word_1_87' title='bbox 1659 3624 1959 3690; x_wconf 85' lang='lat' dir='ltr'>fuerunt:</span> 
     </span>
    </p>

    <p class='ocr_par' dir='ltr' id='par_1_8' title="bbox 298 3723 2694 4025">
     <span class='ocr_line' id='line_1_20' title="bbox 298 3723 2690 3814; baseline 0.004 -26"><span class='ocrx_word' id='word_1_88' title='bbox 298 3725 377 3789; x_wconf 75' lang='lat' dir='ltr'>A.</span> <span class='ocrx_word' id='word_1_89' title='bbox 424 3723 733 3800; x_wconf 71' lang='lat' dir='ltr'>Bonolm,</span> <span class='ocrx_word' id='word_1_90' title='bbox 782 3723 1432 3814; x_wconf 83' lang='lat' dir='ltr'>Staatshaushaltung</span> <span class='ocrx_word' id='word_1_91' title='bbox 1471 3727 1582 3792; x_wconf 90' lang='lat' dir='ltr'>der</span> <span class='ocrx_word' id='word_1_92' title='bbox 1614 3728 1918 3809; x_wconf 88' lang='lat' dir='ltr'>Athener,</span> <span class='ocrx_word' id='word_1_93' title='bbox 1961 3731 2057 3795; x_wconf 92' lang='lat' dir='ltr'>ed.</span> <span class='ocrx_word' id='word_1_94' title='bbox 2099 3730 2193 3809; x_wconf 63' lang='lat'>2⁸,</span> <span class='ocrx_word' id='word_1_95' title='bbox 2235 3740 2300 3798; x_wconf 88' lang='lat' dir='ltr'>et</span> <span class='ocrx_word' id='word_1_96' title='bbox 2338 3733 2690 3800; x_wconf 85' lang='lat' dir='ltr'>Urkunden</span> 
     </span>
     <span class='ocr_line' id='line_1_21' title="bbox 392 3829 1933 3901; baseline 0.005 -8"><span class='ocrx_word' id='word_1_97' title='bbox 392 3830 553 3894; x_wconf 79' lang='lat' dir='ltr'>iiber</span> <span class='ocrx_word' id='word_1_98' title='bbox 598 3830 707 3895; x_wconf 84' lang='lat' dir='ltr'>das</span> <span class='ocrx_word' id='word_1_99' title='bbox 754 3829 1078 3896; x_wconf 83' lang='lat' dir='ltr'>Seewesen</span> <span class='ocrx_word' id='word_1_100' title='bbox 1128 3832 1237 3897; x_wconf 90' lang='lat' dir='ltr'>des</span> <span class='ocrx_word' id='word_1_101' title='bbox 1283 3832 1618 3897; x_wconf 86' lang='lat' dir='ltr'>Attischen</span> <span class='ocrx_word' id='word_1_102' title='bbox 1664 3834 1933 3901; x_wconf 84' lang='lat' dir='ltr'>Staates.</span> 
     </span>
     <span class='ocr_line' id='line_1_22' title="bbox 300 3934 2694 4025; baseline 0.003 -25"><span class='ocrx_word' id='word_1_103' title='bbox 300 3934 387 4000; x_wconf 80' lang='lat' dir='ltr'>K.</span> <span class='ocrx_word' id='word_1_104' title='bbox 436 3934 509 4000; x_wconf 82' lang='lat' dir='ltr'>F.</span> <span class='ocrx_word' id='word_1_105' title='bbox 556 3934 890 4001; x_wconf 71' lang='lat' dir='ltr'>HBRmN</span> <span class='ocrx_word' id='word_1_106' title='bbox 910 3986 926 4014; x_wconf 90' lang='lat'><em>,</em></span> <span class='ocrx_word' id='word_1_107' title='bbox 968 3937 1305 4002; x_wconf 90' lang='lat' dir='ltr'>Lebrbuch</span> <span class='ocrx_word' id='word_1_108' title='bbox 1351 3938 1461 4002; x_wconf 91' lang='lat' dir='ltr'>der</span> <span class='ocrx_word' id='word_1_109' title='bbox 1501 3934 1958 4007; x_wconf 81' lang='lat' dir='ltr'>Griechischen</span> <span class='ocrx_word' id='word_1_110' title='bbox 1984 3942 2427 4025; x_wconf 67' lang='lat' dir='ltr'>Antiquitaten</span> <span class='ocrx_word' id='word_1_111' title='bbox 2448 3992 2465 4019; x_wconf 89' lang='lat'><em>‚</em></span> <span class='ocrx_word' id='word_1_112' title='bbox 2507 3951 2694 4009; x_wconf 88' lang='lat' dir='ltr'>unter</span> 
     </span>
    </p>

    <p class='ocr_par' dir='ltr' id='par_1_9' title="bbox 396 4039 2617 4131">
     <span class='ocr_line' id='line_1_23' title="bbox 396 4039 2617 4131; baseline 0.005 -27"><span class='ocrx_word' id='word_1_113' title='bbox 396 4039 808 4127; x_wconf 82' lang='lat' dir='ltr'>Mitwirking·</span> <span class='ocrx_word' id='word_1_114' title='bbox 852 4063 982 4108; x_wconf 82' lang='lat' dir='ltr'>von</span> <span class='ocrx_word' id='word_1_115' title='bbox 1028 4041 1138 4107; x_wconf 90' lang='lat' dir='ltr'>Dr.</span> <span class='ocrx_word' id='word_1_116' title='bbox 1190 4042 1277 4106; x_wconf 90' lang='lat' dir='ltr'>H.</span> <span class='ocrx_word' id='word_1_117' title='bbox 1326 4043 1621 4130; x_wconf 83' lang='lat' dir='ltr'>Droysen</span> <span class='ocrx_word' id='word_1_118' title='bbox 1668 4051 1788 4110; x_wconf 95' lang='lat' dir='ltr'>cet.</span> <span class='ocrx_word' id='word_1_119' title='bbox 1836 4045 2153 4131; x_wconf 85' lang='lat' dir='ltr'>Freiburg</span> <span class='ocrx_word' id='word_1_120' title='bbox 2199 4051 2244 4111; x_wconf 93' lang='lat' dir='ltr'>i.</span> <span class='ocrx_word' id='word_1_121' title='bbox 2293 4046 2366 4110; x_wconf 93' lang='lat' dir='ltr'>B.</span> <span class='ocrx_word' id='word_1_122' title='bbox 2423 4047 2617 4114; x_wconf 86' lang='grc'><strong>1892.</strong></span> 
     </span>
    </p>

    <p class='ocr_par' dir='ltr' id='par_1_10' title="bbox 304 4145 2697 4436">
     <span class='ocr_line' id='line_1_24' title="bbox 304 4145 2697 4228; baseline 0.003 -17"><span class='ocrx_word' id='word_1_123' title='bbox 304 4148 379 4211; x_wconf 82' lang='grc' dir='ltr'>Α.</span> <span class='ocrx_word' id='word_1_124' title='bbox 444 4145 822 4224; x_wconf 66' lang='lat' dir='ltr'>Sonans,</span> <span class='ocrx_word' id='word_1_125' title='bbox 886 4147 1349 4215; x_wconf 88' lang='lat' dir='ltr'>Demosthenes</span> <span class='ocrx_word' id='word_1_126' title='bbox 1412 4148 1545 4214; x_wconf 90' lang='lat' dir='ltr'>und</span> <span class='ocrx_word' id='word_1_127' title='bbox 1608 4154 1779 4216; x_wconf 83' lang='lat' dir='ltr'>scine</span> <span class='ocrx_word' id='word_1_128' title='bbox 1824 4150 1983 4217; x_wconf 88' lang='lat' dir='ltr'>Zeit.</span> <span class='ocrx_word' id='word_1_129' title='bbox 2034 4150 2129 4215; x_wconf 91' lang='lat' dir='ltr'>ed.</span> <span class='ocrx_word' id='word_1_130' title='bbox 2181 4152 2278 4228; x_wconf 64' lang='lat'>2⁸,</span> <span class='ocrx_word' id='word_1_131' title='bbox 2329 4158 2394 4216; x_wconf 90' lang='lat' dir='ltr'>et</span> <span class='ocrx_word' id='word_1_132' title='bbox 2443 4154 2697 4219; x_wconf 84' lang='lat' dir='ltr'>Addita·</span> 
     </span>
     <span class='ocr_line' id='line_1_25' title="bbox 394 4252 1888 4340; baseline 0.003 -24"><span class='ocrx_word' id='word_1_133' title='bbox 394 4259 612 4317; x_wconf 81' lang='lat' dir='ltr'>menta</span> <span class='ocrx_word' id='word_1_134' title='bbox 657 4256 725 4316; x_wconf 93' lang='lat' dir='ltr'>in</span> <span class='ocrx_word' id='word_1_135' title='bbox 770 4252 1100 4319; x_wconf 82' lang='lat' dir='ltr'>volumine</span> <span class='ocrx_word' id='word_1_136' title='bbox 1148 4254 1241 4319; x_wconf 66' lang='lat'>310</span> <span class='ocrx_word' id='word_1_137' title='bbox 1291 4255 1588 4320; x_wconf 82' lang='lat' dir='ltr'>editionis</span> <span class='ocrx_word' id='word_1_138' title='bbox 1636 4258 1888 4340; x_wconf 90' lang='lat' dir='ltr'>prioris.</span> 
     </span>
     <span class='ocr_line' id='line_1_26' title="bbox 305 4355 1974 4436; baseline 0 -13"><span class='ocrx_word' id='word_1_139' title='bbox 305 4355 389 4423; x_wconf 81' lang='lat' dir='ltr'>G.</span> <span class='ocrx_word' id='word_1_140' title='bbox 439 4357 512 4421; x_wconf 81' lang='lat' dir='ltr'>F.</span> <span class='ocrx_word' id='word_1_141' title='bbox 563 4355 994 4436; x_wconf 67' lang='lat' dir='ltr'>Sononmn,</span> <span class='ocrx_word' id='word_1_142' title='bbox 1046 4357 1460 4425; x_wconf 83' lang='lat' dir='ltr'>Griechische</span> <span class='ocrx_word' id='word_1_143' title='bbox 1508 4357 1974 4426; x_wconf 81' lang='lat' dir='ltr'>Altertbiimer.</span> 
     </span>
    </p>

    <p class='ocr_par' dir='ltr' id='par_1_11' title="bbox 330 4463 2279 4549">
     <span class='ocr_line' id='line_1_27' title="bbox 330 4463 2279 4549; baseline 0.001 -22"><span class='ocrx_word' id='word_1_144' title='bbox 330 4511 365 4540; x_wconf 82' lang='lat'>,‚</span> <span class='ocrx_word' id='word_1_145' title='bbox 460 4510 495 4538; x_wconf 85' lang='lat'>„</span> <span class='ocrx_word' id='word_1_146' title='bbox 730 4510 764 4540; x_wconf 88' lang='lat'><em>„</em></span> <span class='ocrx_word' id='word_1_147' title='bbox 1040 4466 1478 4549; x_wconf 86' lang='lat' dir='ltr'>Antiquitates</span> <span class='ocrx_word' id='word_1_148' title='bbox 1523 4464 1692 4529; x_wconf 90' lang='lat' dir='ltr'>Iuris</span> <span class='ocrx_word' id='word_1_149' title='bbox 1740 4466 1980 4549; x_wconf 84' lang='lat' dir='ltr'>publici</span> <span class='ocrx_word' id='word_1_150' title='bbox 2029 4463 2279 4531; x_wconf 82' lang='lat' dir='ltr'>Graeci.</span> 
     </span>
    </p>

    <p class='ocr_par' dir='ltr' id='par_1_12' title="bbox 260 4566 2458 4751">
     <span class='ocr_line' id='line_1_28' title="bbox 260 4566 2458 4649; baseline 0.005 -23"><span class='ocrx_word' id='word_1_151' title='bbox 260 4567 775 4644; x_wconf 71' lang='lat' dir='ltr'>.WAcnsuu·r11‚</span> <span class='ocrx_word' id='word_1_152' title='bbox 824 4566 944 4634; x_wconf 88' lang='lat' dir='ltr'>Die</span> <span class='ocrx_word' id='word_1_153' title='bbox 988 4568 1178 4634; x_wconf 76' lang='lat' dir='ltr'>stadt</span> <span class='ocrx_word' id='word_1_154' title='bbox 1224 4571 1437 4635; x_wconf 90' lang='lat' dir='ltr'>Athen</span> <span class='ocrx_word' id='word_1_155' title='bbox 1483 4573 1580 4633; x_wconf 90' lang='lat' dir='ltr'>im</span> <span class='ocrx_word' id='word_1_156' title='bbox 1626 4569 2004 4634; x_wconf 87' lang='lat' dir='ltr'>Altertbum</span> <span class='ocrx_word' id='word_1_157' title='bbox 2053 4569 2082 4633; x_wconf 97' lang='lat' dir='ltr'>I</span> <span class='ocrx_word' id='word_1_158' title='bbox 2130 4581 2195 4636; x_wconf 86' lang='lat' dir='ltr'>et</span> <span class='ocrx_word' id='word_1_159' title='bbox 2244 4569 2340 4649; x_wconf 85' lang='grc' dir='ltr'>ΙΙ,</span> <span class='ocrx_word' id='word_1_160' title='bbox 2398 4574 2458 4638; x_wconf 92' lang='grc'>1.</span> 
     </span>
     <span class='ocr_line' id='line_1_29' title="bbox 306 4670 1665 4751; baseline 0.001 -13"><span class='ocrx_word' id='word_1_161' title='bbox 306 4673 382 4738; x_wconf 79' lang='grc' dir='ltr'>Ε.</span> <span class='ocrx_word' id='word_1_162' title='bbox 432 4671 714 4740; x_wconf 73' lang='lat' dir='ltr'>Culmus</span> <span class='ocrx_word' id='word_1_163' title='bbox 738 4721 754 4751; x_wconf 88' lang='lat'><strong><em>,</em></strong></span> <span class='ocrx_word' id='word_1_164' title='bbox 804 4670 1215 4740; x_wconf 81' lang='lat' dir='ltr'>Griechische</span> <span class='ocrx_word' id='word_1_165' title='bbox 1263 4672 1665 4742; x_wconf 81' lang='lat' dir='ltr'>Geschichte.</span> 
     </span>
    </p>
   </div>
   <div class='ocr_carea' id='block_1_3' title="bbox 292 3091 516 3156">
    <p class='ocr_par' dir='ltr' id='par_1_13' title="bbox 292 3091 516 3156">
     <span class='ocr_line' id='line_1_30' title="bbox 292 3091 516 3156; baseline -0.004 0"><span class='ocrx_word' id='word_1_166' title='bbox 292 3091 407 3156; x_wconf 60' lang='grc' dir='ltr'>ΝΟ.</span> <span class='ocrx_word' id='word_1_167' title='bbox 461 3091 516 3155; x_wconf 94' lang='lat' dir='ltr'>L</span> 
     </span>
    </p>
   </div>
   <div class='ocr_carea' id='block_1_4' title="bbox 513 2461 648 3423">
    <p class='ocr_par' dir='ltr' id='par_1_14' title="bbox 513 2461 648 3423">
     <span class='ocr_line' id='line_1_31' title="bbox 513 2461 648 3423; textangle 90"><span class='ocrx_word' id='word_1_168' title='bbox 513 2461 648 3423; x_wconf 41' lang='lat' dir='ltr'>.offlffl0aeoevv&gt;</span> 
     </span>
    </p>
   </div>
  </div>
 </body>
</html>
