3350 5417
537 1415 603 1465 24

1783 617 1873 706 24

638 768 753 846 μὲν
814 769 1059 854 πολλά,
1124 770 1564 851 ὠφελουμένων
1628 770 1690 837 δὲ
1754 769 2050 852 βραχέα,
2101 765 2217 836 ὅσα
2265 772 2387 850 ἐγὼ
2436 770 2732 850 δυναίμην
2784 768 3047 852 ἑκάστῳ

639 873 1052 956 δανειζόμενος
1118 875 1455 956 ἐπαρκέσαι
1520 878 1664 958 πρὸς
1730 874 1772 959 ᾧ
1831 879 2113 957 πρότερον
2162 874 2333 959 εἶχον
2379 881 2526 960 παρ’
2571 881 2754 958 ἐμοῦ,
2809 878 2944 943 ἐπεὶ
3007 875 3056 944 δ’

635 1006 713 1059 γε
768 983 1119 1062 στρατηγὸς
1183 983 1316 1049 οὐδὲ
1375 984 1446 1049 τὸ
1511 986 1615 1066 ἐφ’
1679 985 1910 1063 ἡμέραν
1977 984 2188 1058 αὐτοῖς
2253 986 2481 1068 τροφὴν
2546 986 2757 1066 διαρκῆ
2807 984 3042 1053 ἐδίδου.

634 1086 740 1153 καὶ
813 1088 919 1163 ἤδη
992 1097 1152 1166 τρεῖς
1221 1098 1409 1168 μῆνες
1482 1090 2112 1173 ἐπετετριηράρχηντό
2175 1115 2322 1172 μοι,
2386 1091 2492 1157 καὶ
2556 1090 2784 1158 οὐδέπω
2846 1089 3044 1166 οὗτος

635 1191 773 1271 ἧκεν
819 1194 919 1259 ἐπὶ
970 1196 1079 1270 την
1125 1202 1292 1275 ναῦν,
1344 1198 1495 1263 άλλ’
1548 1198 1917 1275 ἐμισθούμην
1959 1197 2191 1271 ναύτας
2233 1198 2371 1265 άντ)
2413 1204 2530 1264 τῶν
2573 1198 3044 1285 άπολιπόντων,

636 1300 1053 1381 δανειζόμενος
1102 1303 1406 1384 άργύριον.

726 1406 909 1486 Μόνῳ
980 1408 1174 1474 τοίνυν
1244 1408 1438 1490 τούτῳ
1511 1416 1626 1475 τῶν
1700 1407 1910 1476 ἄλλων
1976 1408 2279 1491 διαδόχων
2344 1414 2450 1477 οὐκ
2516 1410 2645 1477 ἔστι
2710 1410 3044 1491 πρόφασις

638 1513 1127 1600 ὑπολειπομένη,
1174 1514 1324 1582 διότι
1373 1518 1440 1582 οὐ
1489 1517 1698 1583 πάλαι
1748 1514 1885 1593 ἧκεν
1931 1517 2030 1582 ἐπὶ
2081 1518 2190 1592 τὴν
2234 1521 2400 1582 ναῦν.
2441 1519 2470 1585 ὅ
2510 1517 2639 1598 γάρ
2678 1518 3046 1594 Εὐκτήμων

636 1619 665 1683 ὅ
734 1618 1304 1710 πεντηκόνταρχος,
1390 1625 1468 1696 ὥς
1558 1623 1629 1690 έκ
1700 1629 1807 1689 τοῦ
1879 1623 2345 1699 Ἑλλησπόντου
2414 1623 2750 1700 ἀπεστάλη
2820 1623 3045 1692 οἴκαδε

639 1725 1018 1812 άσθενιὶσας,
1082 1728 1289 1803 ἐπειδὴ
1352 1726 1748 1795 κατέπλευσε
1811 1728 1918 1795 καὶ
1984 1729 2201 1805 ἤκουσε
2268 1735 2482 1796 τοῦτον
2545 1730 2676 1808 ἐμοὶ
2740 1728 3046 1811 διάδοχον

641 1830 1105 1913 καθεστηκότα,
1169 1834 1334 1907 εἰδὼς
1403 1834 1508 1900 τόν
1566 1862 1634 1901 τε
1700 1831 1914 1916 χρόνον
1970 1835 2266 1913 ἐξήκοντά
2315 1860 2418 1915 μοι
2465 1844 2576 1912 τῆς
2622 1837 3044 1917 τριηραρχίας

638 1938 744 2003 καὶ
807 1938 913 2014 ἤδη
980 1940 1566 2023 ἐπιτριηραρχοῦντά
1634 1965 1757 2018 με,
1824 1942 2215 2023 παραλαβὼν
2280 1942 2530 2009 Δεινίαν
2575 1943 2677 2026 τὸν
2728 1943 3048 2019 κηδεστῆν

637 2042 739 2108 τὸν
803 2045 948 2121 έμὸν
1009 2049 1418 2129 προσέρχεται
1483 2047 1649 2129 αὐτῷ
1713 2048 1775 2111 ἐν
1837 2047 1921 2129 τῷ
1970 2046 2309 2127 δείγματι,
2359 2048 2464 2114 καὶ
2514 2045 2793 2114 ἐκέλευεν
2838 2049 3048 2115 αὐτὸν

706 2214 813 2276 524
849 2210 1098 2282 ἐκέλευεν]
1134 2212 1395 2267 ἔκίλευσεν
1431 2232 1506 2283 pr.
1542 2216 1589 2267 S.
1614 2212 1962 2281 -διδομένᾳῇ
2001 2213 2258 2277 διδομένου
2293 2218 2427 2267 S.—

704 2363 870 2413 Etiam
918 2365 1182 2430 significat:
1234 2364 1510 2430 defatiqare
1524 2402 1538 2425 ‚
1580 2364 1793 2428 qffliqere

637 2447 698 2496 cf.
736 2447 886 2496 Isocr.
916 2447 1056 2497 VIII.
1094 2449 1155 2496 19
1189 2447 1215 2495 δ
1248 2449 1468 2513 πόλεμος
1499 2476 1565 2485 -
1594 2445 1791 2502 πάντας

638 2530 848 2591 τρόπους
903 2529 1338 2591 τεταλαιπώρηκεν
1405 2527 1563 2590 ἡμᾶς,
1616 2529 1790 2578 dehinc

636 2612 827 2677 passive
867 2619 1143 2678 usurpatur,
1182 2614 1243 2663 cf.
1278 2613 1417 2663 Dem.
1452 2611 1637 2662 XVIII.
1674 2612 1755 2661 19.

703 2693 1331 2757 ταλαιπωρουμένων
1385 2695 1497 2757 μὲν
1545 2692 1789 2755 πολλά,

637 2775 1099 2839 ὠφελουμένων
1174 2775 1241 2826 δὶ
1306 2776 1591 2844 βραχέα]
1654 2777 1793 2826 Anti·

637 2860 813 2919 thesis,
849 2860 908 2908 de
942 2876 1038 2924 qua
1071 2860 1226 2924 figura
1262 2860 1384 2909 dicit
1411 2861 1615 2910 Aristot.
1643 2860 1788 2910 Rhet.

636 2942 733 2993 ΙΙΙ.
781 2944 809 2991 9
854 2941 1077 3007 (Spengel
1128 2943 1223 2991 Rh.
1271 2943 1352 2992 Gr.
1389 2942 1432 2993 Ι.
1472 2941 1612 3006 137):
1650 2940 1790 2997 ἡδεῖα

639 3024 683 3075 δ’
719 3022 859 3075 ἐστὶν
903 3022 931 3080 ἦ
978 3021 1192 3081 τοιαύτη
1230 3022 1393 3091 λέξις,
1428 3025 1507 3074 ὅτι
1543 3024 1791 3075 τάναντία

636 3106 1002 3172 γνωριμώτατα
1054 3106 1139 3155 καὶ
1180 3107 1296 3168 παρ’
1343 3107 1547 3166 ἄλληλα
1592 3111 1792 3169 μᾶλλον

636 3187 861 3254 γνώριμα
890 3189 975 3238 καῖ
1001 3189 1079 3239 ὅτι
1107 3188 1238 3239 ’έοικε
1261 3196 1595 3258 συλλογισμῷ
1611 3205 1622 3218 ·
1647 3190 1673 3238 δ
1690 3191 1790 3252 γαρ

637 3271 862 3335 ’ἐλεγχος
937 3271 1208 3335 συναγωγὴ
1277 3276 1376 3321 τῶν
1443 3270 1791 3332 ἀντικειμένων

638 3352 796 3405 ἐστίν.
841 3354 976 3403 Haec
1021 3354 1199 3403 ultima
1243 3355 1391 3404 verba
1436 3355 1682 3420 pertinent
1729 3355 1793 3403 ad

639 3438 906 3488 antithesin
953 3437 1303 3487 sententiarum
1319 3476 1332 3498 ,
1372 3438 1542 3502 quales
1576 3436 1792 3486 invenies

639 3525 687 3584 §5
734 3521 760 3570 1
810 3525 861 3570 et
906 3522 971 3569 64
1014 3525 1208 3568 nostrae
1253 3519 1488 3569 orationis
1541 3520 1604 3569 cf.
1647 3535 1791 3584 porro

637 3604 797 3653 Blass.
825 3604 902 3654 1.1.
924 3603 1023 3653 ΠΙ.
1052 3603 1093 3652 Ι.
1123 3618 1203 3667 pg.
1227 3603 1321 3651 139
1341 3618 1462 3668 sqq„
1480 3601 1785 3651 Volkmann¹

637 3704 717 3752 pg.
753 3688 850 3736 485
885 3701 989 3752 sqq.
1025 3690 1075 3735 et
1106 3685 1281 3735 Straub
1317 3701 1396 3750 pg.
1433 3685 1531 3734 142
1566 3700 1670 3748 sqq.

704 3765 1302 3833 πολλα-βραχέα]
1350 3769 1412 3818 cf.
1458 3768 1517 3816 de
1550 3767 1792 3816 adverbiis

633 3852 817 3917 plurali
846 3867 1047 3900 numero
1084 3849 1318 3899 adhibitis
1353 3848 1506 3899 Cobet
1542 3850 1605 3899 N.
1624 3850 1682 3899 L.
1710 3866 1791 3914 pg.

638 3934 734 3984 268
769 3951 841 3999 sq.

704 4014 781 4065 ἐπ
792 4033 826 4065 α
839 4033 861 4077 ρ
874 4033 904 4063 κ
916 4013 942 4064 ε’
954 4032 988 4062 σ
1000 4031 1034 4063 α
1047 4015 1087 4079 ι]
1105 4014 1138 4063 i.
1154 4030 1200 4078 q.
1214 4012 1471 4075 βοηθῆσαι,
1483 4031 1588 4064 voc.
1600 4020 1792 4079 praeter

634 4099 764 4148 hunc
790 4099 956 4148 locum
985 4097 1135 4146 semel
1168 4097 1300 4161 apud
1328 4095 1704 4147 Demosthenem
1724 4114 1793 4147 re-

635 4187 827 4247 pertum
854 4197 1027 4245 nempe
1045 4179 1232 4230 XVIII.
1252 4179 1369 4240 268,
1386 4181 1455 4229 sic
1473 4197 1584 4230 mox
1604 4178 1791 4242 διαρκῆ,

635 4264 785 4313 etiam
819 4263 916 4322 ΙΙΙ,
953 4262 1031 4311 33.

704 4346 776 4394 τό
824 4341 916 4407 ἐφ’
960 4341 1222 4411 ἡμέραν]
1260 4344 1498 4409 quotidie,
1533 4351 1700 4395 monet
1733 4345 1793 4394 G.

638 4428 704 4478 H.
751 4427 977 4476 Schaefer
1021 4427 1142 4475 haec
1189 4428 1336 4477 verba
1387 4429 1639 4478 referenda
1692 4445 1794 4477 esse

638 4511 700 4560 ad
737 4506 924 4568 ἔδιδον,
960 4526 1057 4558 non
1091 4510 1154 4559 ad
1186 4507 1385 4573 τροφήν.
1411 4510 1560 4560 Cibus
1589 4511 1641 4560 in
1664 4511 1795 4560 diem

641 4600 715 4644 est
756 4590 784 4648 ἧ
834 4587 915 4654 ἐφ’
955 4588 1139 4652 ἡμέραν
1172 4590 1357 4656 τροφή,
1393 4599 1450 4643 ut
1483 4593 1601 4643 Eur.
1636 4592 1793 4642 Elect.

641 4677 738 4726 429
784 4673 905 4745 dicit
953 4672 1043 4730 τὴν
1092 4670 1174 4737 ἐφ’
1218 4672 1401 4737 ἡμέραν
1437 4673 1602 4737 βοράν,
1635 4677 1699 4726 cf.
1733 4676 1796 4725 ad

641 4764 665 4822 ς
702 4759 766 4807 13
802 4757 862 4806 τὸ
900 4755 1018 4806 κατ’
1054 4753 1159 4818 ἐμέ.

1939 2366 1961 2424 §
1999 2363 2065 2412 24
2099 2362 2347 2429 τοίνυν]
2372 2380 2548 2428 porro,
2582 2364 2643 2414 cf.
2679 2363 2742 2413 ad
2777 2366 2801 2426 ς
2837 2363 2886 2418 7.

1939 2443 2134 2511 διότι]
2169 2462 2343 2510 quare,
2375 2447 2446 2496 ita
2482 2447 2631 2496 etiam
2663 2450 2685 2509 §
2719 2447 2799 2507 34,
2828 2446 3050 2499 XLVII.

1871 2528 1935 2577 20
1965 2533 2014 2577 et
2040 2530 2171 2593 apud
2197 2529 2573 2580 Demosthenem
2600 2527 2686 2579 IV.
2707 2528 2789 2591 22,
2806 2529 3048 2582 XXXVI.

1874 2611 1953 2671 53,
1984 2612 2045 2661 cf.
2080 2628 2223 2677 porro
2259 2613 2404 2662 Isocr.
2439 2612 2570 2661 XXI.
2603 2612 2648 2672 5,
2675 2612 2787 2677 Lys.
2818 2613 2919 2662 III.
2951 2612 3045 2674 1⁸7,

1871 2693 2012 2743 XIII.
2031 2694 2112 2755 71,
2141 2695 2252 2744 vide
2282 2695 2341 2744 de
2369 2711 2462 2744 usu
2493 2694 2641 2744 huius
2671 2695 3047 2747 coniunctionis

1871 2776 2100 2841 Lortzing
2133 2793 2215 2841 pg.
2251 2778 2316 2826 64
2349 2794 2421 2842 sq.

1938 2857 1964 2906 ὃ
1996 2859 2118 2921 γὰρ
2153 2856 2503 2921 Εὐκτήμων
2539 2856 2655 2925 ατί]
2708 2860 2771 2909 cf.
2807 2861 2872 2909 ad
2908 2863 3044 2923 514.

1873 2941 2125 3006 Quantum
2152 2942 2283 2991 absit
2300 2943 2361 2991 ab
2381 2947 2486 2992 arte
2503 2942 2849 2992 Demosthenis
2865 2950 3049 2995 orator

1871 3030 2062 3084 noster,
2107 3040 2163 3073 ex
2198 3024 2293 3074 hoc
2328 3024 2581 3074 enuntiato
2617 3024 2830 3074 maxime
2864 3032 3048 3091 patet,

1871 3108 1989 3157 ordo
2008 3107 2265 3156 verborum
2293 3107 2525 3156 obscurus
2555 3111 2629 3157 est
2658 3112 2806 3172 atque
2834 3124 2887 3157 re
2918 3125 3047 3160 vera

1871 3206 2098 3240 onerosus
2148 3194 2197 3238 et
2242 3191 2467 3240 turbatus
2513 3189 2888 3255 conglomeratis
2924 3208 3047 3256 par·

1871 3272 2052 3337 ticipiis
2098 3288 2204 3321 cum
2256 3271 2521 3322 enuntiatis
2567 3272 2864 3322 secundariis
2902 3276 3046 3324 coni-

1873 3355 2047 3404 unctis.
2087 3356 2150 3404 cf.
2188 3355 2247 3404 de
2273 3354 2366 3403 tali
2402 3354 2623 3419 congerie
2653 3354 3042 3420 participiorum

1872 3438 1935 3486 ad
1970 3441 1993 3500 §
2030 3437 2094 3487 22
2125 3434 2194 3485 ’όν.

1941 3516 2188 3587 ἐπειδή]
2227 3520 2348 3569 haec
2373 3519 2618 3584 particula
2650 3519 2833 3568 oratori
2861 3525 3041 3571 nostro

1871 3601 1921 3650 in
1951 3600 2139 3650 deliciis
2167 3606 2242 3650 est
2257 3640 2270 3661 ,
2298 3601 2450 3651 semel
2481 3608 2529 3651 et
2558 3601 2707 3651 vicies
2741 3601 2793 3650 in
2827 3601 2923 3651 hac
2960 3619 3042 3655 or.

1870 3683 2139 3744 invenitur,
2184 3688 2234 3732 et
2277 3683 2330 3732 in
2374 3683 2487 3733 aliis
2523 3689 2689 3733 autem
2723 3683 3041 3736 orationibus

1869 3766 2023 3816 nostri
2051 3765 2127 3814 bis
2156 3771 2204 3814 et
2234 3766 2527 3831 septuagies;
2559 3768 2620 3816 cf.
2650 3767 2709 3815 de
2737 3765 2905 3830 inopia
2923 3783 3046 3831 par·

1868 3848 2132 3898 ticularum
2161 3848 2292 3912 apud
2323 3857 2547 3897 nostrum
2576 3848 2806 3913 Lortzing
2836 3865 2920 3914 pg.
2950 3850 3042 3901 33.

1937 3927 2205 3995 κηδεστής]
2235 3931 2412 3995 affinis,
2440 3930 2726 3996 plerumque
2752 3930 2873 3980 levir
2895 3935 3041 3996 apud

1868 4013 2085 4073 Atticos,
2130 4012 2182 4061 h.
2210 4012 2248 4061 1.
2295 4018 2369 4061 est
2411 4029 2558 4063 socer.
2600 4013 2931 4079 Apollodorus
2978 4015 3041 4065 in

1868 4095 2235 4145 matrimonium
2285 4096 2488 4145 duxerat
2536 4096 2692 4145 filiam
2736 4095 2932 4155 Diniae,
2982 4104 3040 4148 et

1867 4184 2037 4245 postea
2068 4178 2446 4237 Theomnastus,
2481 4177 2660 4228 Diniae
2695 4178 2844 4238 filius,
2880 4178 3041 4244 Apol·

1866 4260 2028 4311 lodori
2075 4261 2232 4310 filiam
2273 4277 2472 4310 uxorem
2507 4260 2675 4320 duxit,
2708 4265 2764 4309 ut
2796 4265 2938 4324 patet
2971 4276 3036 4311 ex

1868 4343 1996 4393 LIX.
2034 4344 2082 4393 2.

1936 4423 2392 4487 προσέρχεται
2423 4452 2488 4462 -
2519 4420 2848 4489 ἐκέλευεν]
2888 4423 3040 4475 Prae·

1871 4523 1978 4556 sens
1996 4507 2285 4557 historicum
2304 4513 2557 4571 exceptum
2574 4506 2882 4571 Imperfecto,
2906 4523 3037 4572 quae

1871 4596 2115 4639 structura
2163 4592 2292 4656 apud
2337 4590 2716 4640 Demosthenem
2764 4605 2908 4654 saepe
2961 4589 3037 4639 in-

1872 4672 2081 4723 venitur.

1941 4753 2283 4822 δείγματι]
2317 4754 2506 4819 δεῖγμα
2541 4754 2746 4805 basilica
2775 4753 2825 4803 in
2853 4753 3033 4803 Piraeo
