3350 5417
1795 621 1879 688 18

643 795 746 872 ἐπὶ
815 805 924 879 τὴν
995 809 1139 869 ναῦν
1212 803 1552 884 παρέμενον
1620 809 1937 883 τηροῦντες
2011 805 2120 878 τὴν
2186 802 2393 869 οἴκαδε
2456 805 2792 884 σωτηρίαν,
2847 803 3069 871 ὅπότε

638 908 863 982 αὐτοὺς
926 911 1159 992 ἀφήσει
1208 910 1236 974 ὃ
1286 909 1660 990 στρατηγός·
1712 911 1764 975 οἱ
1814 911 1868 975 δ’
1916 911 2048 988 ἐμοὶ
2098 916 2321 978 ναῦται
2373 911 2767 982 πιστεύοντες
2817 911 3072 984 αὐτοῖς

636 1017 738 1081 ἐπὶ
802 1018 887 1096 τῷ
949 1016 1239 1082 δύνασθαι
1306 1017 1604 1104 ἐλαύνειν,
1651 1013 1798 1081 ὅπου
1846 1019 2115 1092 ἤμελλον
2163 1016 2444 1097 ἀργύριον
2490 1016 2682 1082 πάλιν
2732 1025 3067 1083 πλεῖστον

634 1123 979 1202 λήψεσθαι,
1041 1122 1285 1187 ἐνταῦθ’
1332 1124 1609 1204 ἀπῇσαν,
1660 1123 1986 1200 ἡγούμενοι
2036 1124 2147 1197 τὴν
2193 1122 2254 1186 ἐν
2303 1125 2387 1202 τῷ
2439 1123 2691 1202 παρόντι
2739 1126 3069 1205 εὐπορίαν

635 1228 886 1308 κρείττω
952 1223 1107 1293 εἶναι
1173 1229 1383 1300 αὑτοῖς
1448 1234 1553 1294 τοῦ
1616 1230 1953 1305 μέλλοντος
2018 1228 2259 1313 φόβου,
2327 1226 2385 1293 εἴ
2440 1252 2593 1294 ποτε
2639 1229 3063 1309 ληφθείησαν

637 1333 742 1398 ὑπ’
789 1335 956 1420 ἐμοῦ.
1014 1333 1297 1399 τοιούτων
1344 1334 1538 1400 τοίνυν
1586 1339 1692 1411 μοι’
1738 1341 1856 1399 τῶν
1903 1334 2302 1415 πραγμάτων
2352 1335 2875 1415 συμβεβηκότων,
2931 1337 3060 1401 καὶ

638 1444 744 1505 τοῦ
793 1444 1150 1519 στρατηγοῦ
1198 1436 1343 1516 ἅμα
1393 1440 1780 1520 Τιμομάχου
1829 1439 2289 1519 προστάξαντος
2341 1450 2523 1506 πλεῖν
2569 1442 2676 1519 ἐφ’
2725 1442 2912 1522 Ἱερὸν
2939 1442 3064 1507 ἐπὶ

710 1579 733 1639 ς
771 1576 831 1625 le
865 1576 1107 1642 ἤμελλον]
1141 1593 1236 1642 quo
1269 1583 1488 1642 tempore
1520 1577 1702 1643 scripta
1736 1582 1811 1627 est
1843 1577 1963 1626 haec
1996 1578 2154 1628 oratio
2184 1578 2503 1628 Athenienses
2532 1578 2760 1628 dicebant
2786 1576 3049 1639 ἔμελλον,

642 1660 703 1709 cf.
750 1658 1103 1709 Meisterhans¹
1142 1675 1223 1725 ΡΒ.
1259 1660 1373 1709 134.
1403 1687 1470 1698 -
1499 1658 1653 1708 πάλιν
1688 1659 1957 1724 πλεῖστον]
1991 1658 2350 1721 πάμπλειστον
2384 1659 2539 1710 Cobet
2570 1687 2640 1699 —
2671 1659 2879 1725 ἀπῇσαν
2914 1661 3057 1713 Din-

643 1743 776 1808 dorf]
811 1740 1037 1807 ἀπῄεσαν
1073 1742 1225 1793 Codd.
1259 1771 1327 1781 —
1362 1740 1686 1808 ληφθείησαν]
1723 1741 2038 1805 λειφθείησαν
2072 1742 2121 1793 8.
2156 1771 2222 1782 -

710 1815 847 1888 ςῚ7.
899 1821 982 1888 ἐφ’
1036 1825 1202 1891 Ἰερόν]
1250 1830 1444 1887 αφιερον
1487 1824 1544 1884 S;
1589 1824 1718 1886 it..§
1757 1825 1816 1873 18
1850 1850 1921 1863 —-

639 1957 751 2006 dum
800 1960 900 2017 est,
945 1962 1002 2006 ut
1046 1956 1187 2005 Dem.
1222 1956 1263 2006 Ι.
1306 1955 1396 2004 28:
1434 1955 1486 2003 οί
1513 1951 1564 2003 ἔν
1598 1952 1796 2020 ἡλικίᾳ,
1875 1971 2006 2021 pocr.
2056 1972 2096 2006 s.
2130 1973 2177 2007 v.
2224 1955 2470 2017 στρατεία
2505 1952 2556 2004 ἔν
2600 1956 2708 2012 τοῖς
2743 1954 3061 2019 ἐπωνύμοις.

639 2039 702 2090 cf.
749 2039 898 2089 etiam
942 2038 1082 2089 Dem.
1127 2038 1214 2088 IV.
1261 2036 1306 2098 7,
1352 2036 1495 2087 ΧΙΙΙ.
1529 2039 1578 2097 4,
1611 2035 1797 2085 XVIII.

640 2120 755 2182 177,
802 2122 932 2181 XIX,
974 2121 1055 2171 65.
1089 2120 1241 2171 Thuc.
1276 2118 1419 2169 VIII.
1454 2118 1534 2171 75.
1569 2118 1704 2168 Olim
1739 2135 1794 2168 ex

633 2204 826 2254 Solonis
876 2204 1067 2269 legibus
1118 2203 1171 2252 o!
1212 2198 1270 2251 ἐκ
1315 2201 1609 2263 καταλόγου
1657 2205 1797 2250 erant

634 2287 764 2336 cives
824 2286 976 2336 trium
1040 2284 1344 2351 superiorum
1401 2283 1656 2342 classium,
1712 2282 1796 2347 qui

636 2374 693 2419 ut
737 2369 946 2418 ὁπλῖται
993 2384 1128 2417 arma
1160 2368 1284 2416 ferre
1317 2365 1585 2425 debebant,
1624 2363 1768 2421 θῆτες
1783 2400 1797 2420 ,

637 2457 694 2501 ut
746 2451 917 2501 ceteris
961 2451 1104 2500 rebus
1149 2449 1388 2498 immunes
1433 2452 1600 2507 erant,
1645 2446 1796 2496 etiam

636 2534 820 2584 militia
851 2534 1120 2593 vacabant,
1149 2537 1199 2581 et
1228 2530 1565 2581 tantummodo
1595 2534 1797 2593 urgente

636 2615 923 2665 necessitate
950 2620 1007 2664 ut
1033 2614 1287 2677 γυμνῆτες
1318 2618 1367 2662 et
1395 2617 1564 2677 postea
1593 2616 1649 2661 ut
1678 2610 1794 2660 socii

637 2698 836 2747 navales
880 2696 1124 2762 stipendia
1155 2695 1407 2745 merebant
1417 2715 1431 2754 ;
1468 2695 1527 2743 ad
1563 2693 1795 2743 militiam

635 2780 864 2829 navalem
907 2778 1036 2828 cives
1082 2777 1383 2843 superiorum
1422 2777 1651 2827 classium
1687 2793 1796 2825 raro

634 2878 723 2912 nec
766 2861 863 2911 nisi
908 2861 1175 2910 necessario
1217 2865 1434 2925 tempore
1469 2860 1797 2919 vocabantur,

635 2945 700 2993 cf.
750 2943 903 2993 Thuc.
953 2942 1095 2991 VIII.
1147 2942 1229 3001 24,
1283 2942 1338 2990 2:
1394 2937 1645 3004 ἐπιβάτας
1698 2946 1795 2989 τῶν

635 3025 854 3075 ὁπλιτῶν
889 3021 944 3074 ἐκ
979 3024 1274 3087 καταλόγου
1308 3021 1681 3092 ἀναγκαστούς.
1722 3022 1795 3071 Ex

635 3108 744 3157 loco
786 3113 951 3157 autem
995 3122 1139 3172 quem
1181 3122 1310 3155 nunc
1355 3111 1622 3155 tractamus
1657 3109 1708 3154 et
1738 3121 1795 3154 ex

638 3195 660 3253 ς
698 3192 728 3239 6
774 3195 913 3256 patet
957 3189 1155 3239 nomina
1200 3189 1415 3238 omnium
1451 3188 1711 3237 tribulium
1746 3187 1797 3252 in

636 3272 822 3323 tabulis
873 3271 1140 3337 perscripta
1189 3287 1319 3331 esse,
1371 3271 1629 3321 discrimen
1684 3286 1796 3335 ergo

637 3355 765 3405 illud
810 3354 1078 3404 evanuisse.
1124 3353 1435 3403 Vocabantur
1483 3349 1539 3401 ἐκ
1582 3355 1675 3401 τοῦ
1711 3368 1797 3400 κα-

639 3438 884 3499 ταλόγου,
897 3437 1126 3502 quoniam
1143 3439 1343 3486 nomina
1358 3452 1526 3485 eorum
1542 3435 1594 3484 in
1611 3434 1797 3485 tabulis

638 3519 907 3585 perscripta
935 3525 1073 3568 erant
1086 3540 1099 3578 3
1133 3517 1392 3583 quotannis
1409 3517 1538 3567 enim
1556 3516 1797 3566 taxiarchi

639 3602 823 3652 indices
856 3618 1024 3652 eorum
1038 3640 1051 3662 ,
1086 3601 1168 3667 qui
1198 3601 1261 3650 ad
1291 3606 1502 3650 aetatem
1531 3599 1797 3649 militarem

639 3685 997 3751 pervenissent,
1037 3683 1431 3742 conscribebant,
1469 3682 1552 3747 qui
1585 3681 1769 3731 indices
1784 3719 1797 3741 ,

640 3783 990 3833 eponymorum
1039 3767 1325 3816 archontum
1376 3764 1655 3814 nominibus
1707 3764 1801 3813 dis·

639 3850 800 3911 tincti,
816 3850 880 3899 ad
897 3855 1086 3899 statuas
1101 3849 1463 3914 Eponymorum
1475 3847 1712 3909 (heroum)
1725 3863 1801 3895 ex-

638 3932 945 3997 ponebantur
971 3933 1034 3983 cf.
1063 3931 1312 3995 Aristoph.
1329 3930 1431 3979 Pax
1451 3928 1800 3981 1179—1184.

640 4014 693 4064 Si
725 4015 914 4064 bellum
948 4016 1153 4064 instaret
1179 4013 1416 4064 sciscebat
1441 4011 1651 4077 populus
1681 4016 1801 4077 quot

641 4113 793 4146 annos
836 4097 943 4146 nati
976 4097 1039 4145 ad
1074 4112 1209 4145 arma
1247 4093 1452 4144 vocandi
1487 4098 1673 4151 essent,
1707 4109 1799 4142 ser·

641 4184 755 4228 vato
790 4178 958 4228 ordine
985 4184 1143 4237 certo,
1174 4182 1232 4226 ut
1258 4175 1607 4241 stipendiorum
1639 4175 1797 4224 iustae

639 4261 769 4311 vices
803 4266 962 4309 essent
977 4297 991 4320 ,
1025 4259 1106 4309 cui
1133 4259 1201 4308 rei
1230 4257 1412 4307 alludit
1439 4256 1666 4306 Aeschin.
1684 4254 1798 4318 περῖ

641 4343 1047 4404 παραπρεσβείας
1083 4341 1206 4391 168ι
1242 4338 1328 4389 καὶ
1364 4340 1460 4397 τας
1500 4337 1665 4394 ἷέλλας
1700 4338 1796 4394 τας

641 4421 697 4474 ἔκ
743 4422 987 4488 διαδοχῆς
1029 4420 1224 4489 ἐξόδους
1258 4424 1354 4480 τας
1391 4418 1441 4470 ἒν
1478 4421 1585 4477 τοῖς
1618 4416 1799 4468 ἐπωνύ-

641 4524 752 4569 μοις
781 4506 866 4556 καῖ
892 4508 998 4565 τοῖς
1027 4505 1224 4572 με’ρεσιν
1254 4502 1454 4570 ἐξῆλθον
1483 4502 1612 4566 (vide
1633 4502 1796 4553 Schol.

637 4590 754 4640 Tur.
787 4607 868 4656 pg.
904 4590 966 4639 38
1005 4596 1053 4640 et
1086 4588 1335 4638 Hermann
1364 4588 1447 4637 Gr.
1475 4585 1645 4650 Antiq.
1673 4585 1727 4634 1·
1764 4586 1795 4634 2

636 4688 715 4738 pg.
752 4673 850 4723 642
879 4691 992 4725 ann.
1025 4673 1086 4734 1).
1115 4671 1387 4721 Secundum
1418 4669 1546 4719 illud
1573 4667 1797 4732 plebisci-

1876 2038 2017 2087 Dem.
2045 2037 2144 2098 ΙΙΙ,
2175 2041 2224 2099 4,
2252 2037 2338 2089 IV.
2369 2039 2458 2088 21:
2491 2034 2545 2104 ἐξ
2576 2032 2632 2095 ἧς
2663 2035 2721 2086 biv
2752 2055 2891 2095 τινος
2924 2037 3059 2104 ὑμῖν

1877 2118 2071 2177 ἡλικίας
2100 2126 2265 2177 καλῶς
2291 2118 2436 2183 ’ἔχειν
2466 2118 2582 2184 δοκῇ
2602 2159 2615 2181 ,
2642 2121 2820 2183 χρόνον
2848 2123 3062 2171 τακτὸν

1877 2201 2305 2264 στρατευομένους
2327 2230 2396 2243 —
2413 2199 2470 2251 ἔκ
2500 2200 2743 2265 διαδοχῆς
2773 2202 3059 2262 ἀλλήλοις.

1874 2284 2123 2334 Hermann
2153 2285 2226 2334 l.l.
2254 2285 2332 2335 1⁰.
2363 2285 2410 2334 2.
2438 2301 2520 2350 pg.
2551 2285 2645 2334 641
2683 2301 2788 2350 sqq.
2815 2284 3056 2338 Schoem.

1873 2368 2040 2432 Antiq.
2074 2383 2155 2432 pg.
2189 2368 2286 2416 253
2317 2384 2405 2432 sq„
2435 2368 2649 2417 Alterth.
2675 2368 2701 2416 Ι
2729 2384 2811 2433 ΡΒ.
2842 2371 2947 2418 424
2973 2386 3056 2435 sq.

1942 2449 2004 2497 οι*
2063 2447 2220 2512 ὑπὲρ
2273 2450 2383 2498 τὸν
2436 2452 2821 2513 κατάλογον
2871 2458 3056 2501 contra

1874 2531 2102 2580 dicuntur
2133 2531 2246 2596 plus
2281 2533 2429 2596 quam
2464 2531 2715 2596 sexaginta
2750 2549 2908 2582 annos
2937 2535 3057 2583 nati

1874 2615 1937 2663 cf.
1985 2613 2162 2663 Pollux
2199 2613 2278 2674 H,
2315 2614 2375 2663 11
2415 2611 2534 2674 ὑπὲρ
2569 2614 2639 2662 τὰ
2675 2611 2924 2679 ἑξήκοντα
2959 2633 3057 2678 γε·

1872 2697 2078 2758 ’γονότες
2105 2693 2216 2756 ἕτη,
2243 2694 2420 2758 (Deru.)
2451 2695 2592 2746 XIII.
2625 2697 2656 2744 4
2688 2696 2773 2745 ubi
2792 2712 3058 2762 opponun-

1874 2787 1956 2828 tur
1987 2779 2095 2835 τοῖς
2129 2775 2179 2826 ἒν
2215 2776 2401 2844 ἡλικίᾳ.

1942 2877 2016 2917 τη
2031 2877 2053 2921 ρ
2068 2877 2092 2909 ο
2106 2862 2134 2908 ὕ
2148 2875 2252 2908 ντε
2270 2860 2317 2925 ς]
2356 2864 2705 2923 exspectantes,
2738 2862 3053 2912 observantes

1875 2944 1938 2992 cf.
1971 2943 2124 2992 Thuc.
2160 2941 2203 2991 Ι.
2238 2943 2318 3002 65,
2352 2942 2449 2992 III.
2480 2942 2545 2990 22
2574 2958 2616 2992 e.
2634 2959 2696 3003 a.,
2724 2943 2878 2992 etiam
2908 2946 3048 3008 apud

1874 3024 2252 3074 Demosthenem
2280 3024 2542 3085 invenitur,
2568 3026 2631 3074 cf.
2650 3024 2837 3085 XVIII,
2857 3025 2942 3086 89,
2961 3026 3043 3086 97,

1876 3106 1990 3167 307,
2024 3106 2157 3157 XXI.
2184 3107 2299 3166 213,
2326 3123 2470 3172 saepe
2501 3106 2777 3172 significans
2806 3107 3047 3158 insidiari

1874 3190 1938 3238 cf.
1973 3188 2149 3251 (Dem.)
2183 3188 2321 3238 LIII.
2357 3188 2438 3241 17.

1942 3269 2057 3327 τὴν
2103 3268 2327 3320 σ’ίκαδε
2372 3269 2723 3337 σωτηρίαν]
2757 3271 3045 3322 incolumem

1872 3353 2079 3402 reditum
2112 3353 2165 3401 in
2190 3352 2434 3415 patriam,
2465 3358 2520 3402 ut
2547 3353 2725 3415 (Deru.)
2742 3353 2938 3406 XXXV.
2960 3356 3044 3417 13,

1873 3434 2025 3483 LVII.
2062 3435 2145 3484 20.
2535 3483 2540 3487 .

1943 3514 2369 3582 ληφθείησαν]
2423 3517 2482 3566 de
2527 3518 2620 3567 hac
2665 3518 2822 3567 forma
2867 3520 2931 3569 cf.
2969 3519 3045 3568 La

1874 3599 2038 3649 Roche
2065 3597 2326 3663 (Beitrage)
2354 3615 2434 3663 pg.
2455 3599 2572 3658 152,
2602 3599 2860 3664 permultis
2879 3617 3047 3651 exem-

1873 3682 1971 3748 plis
2017 3682 2317 3730 demonstrat
2356 3682 2537 3730 formas
2575 3681 2848 3732 desinentes
2882 3683 2937 3732 in
2975 3712 3047 3724 —

1874 3781 1965 3813 ειεν
2014 3763 2145 3828 apud
2186 3779 2357 3828 prosae
2396 3763 2652 3829 scriptores
2697 3764 2855 3814 multo
2892 3766 3048 3817 usita-

1875 3846 2022 3896 tiores
2056 3845 2205 3894 fuisse
2244 3862 2390 3910 quam
2425 3845 2477 3895 in
2514 3873 2583 3884 —
2600 3844 2796 3904 είησαν,
2824 3853 2875 3897 et
2903 3851 3042 3915 apud

1873 3935 2043 3994 poetas
2077 3929 2167 3977 has
2196 3944 2437 3993 nusquam
2468 3928 2691 3979 inveniri.

1943 4015 1965 4072 §
2005 4009 2083 4062 17.
2127 4011 2187 4060 de
2221 4010 2390 4060 ordine
2425 4012 2680 4061 verborum
2713 4011 2859 4061 huius
2894 4029 3043 4078 para·

1875 4092 2048 4157 graphi
2102 4097 2152 4142 et
2196 4092 2441 4158 sequentis
2486 4092 2561 4144 cf.
2607 4094 2671 4143 ad
2718 4096 2741 4156 ς
2778 4094 2843 4143 14
2890 4102 2944 4146 et
2977 4097 3041 4147 A.

1873 4175 2099 4224 Schaefer
2131 4175 2258 4225 Add.
2292 4191 2373 4241 pg.
2410 4175 2522 4224 189.

1943 4257 2017 4308 Ἱε
2035 4257 2158 4323 ρόν]
2199 4257 2589 4322 promuntorium
2622 4256 2887 4322 Bithyniae
2922 4275 3038 4309 cum

1873 4340 2058 4404 templo
2092 4339 2225 4389 Iovis
2262 4339 2371 4389 Urii
2404 4340 2468 4389 ad
2501 4340 2796 4405 Bosporum,
2831 4341 2893 4390 cf.
2933 4342 3039 4392 Me-

1872 4422 2049 4487 nippus
2078 4422 2130 4471 in
2157 4421 2402 4471 Marciani
2429 4421 2625 4486 Periplo
2655 4422 2730 4472 ed.
2760 4421 2932 4471 Miller
2951 4439 3035 4489 pg.

1876 4504 1995 4553 122:
2038 4505 2175 4554 κατὰ
2209 4504 2297 4553 τὸν
2332 4501 2541 4570 Θρᾴκιον
2575 4504 2815 4565 Βόσπορον
2850 4503 2939 4553 καὶ
2970 4506 3033 4555 τδ

1874 4587 2046 4648 στόμα
2092 4589 2184 4636 τοῦ
2228 4583 2455 4652 Εὐξείνου
2503 4585 2688 4635 πόντου
2725 4581 2774 4635 ἔν
2813 4587 2922 4644 τοῖς
2958 4585 3039 4639 δε·

1874 4668 1995 4733 ξίοις
2031 4670 2122 4726 τῆς
2159 4668 2337 4726 Ἀσίας
2371 4666 2597 4731 μέρεσιν,
2630 4666 2755 4729 ἅπερ
2788 4663 2909 4716 ἐστὶ
2938 4671 3035 4718 τοῦ

637 4760 744 4806 tum
774 4755 975 4821 strategi
1003 4754 1246 4805 delectum
1274 4752 1538 4802 habebant.
1569 4749 1644 4800 cf.
1672 4750 1796 4799 Har·
1871 4749 2069 4800 Βιθυνῶν
2118 4749 2306 4807 ἔθνους,
2354 4752 2515 4800 κεῖται
2551 4749 2733 4813 χωρίον
2769 4749 2913 4812 Ἱερὸν
2950 4768 3037 4800 κα·
