3350 5417
1810 593 1897 663 30

563 793 627 844 88
665 781 1154 861 καταλαμβάνω
1216 775 1316 845 οὖν
1376 777 1481 844 καὶ
1530 784 1743 845 τοῦτον
1793 778 1924 844 ἐκεῖ
1965 776 2069 841 καὶ
2118 777 2256 848 τοὺς
2305 778 2700 861 τριηράρχους
2750 780 2859 846 καὶ
2917 779 3083 853 τοὺς

663 891 983 971 διαδόχους
1036 886 1140 952 καὶ
1189 884 1417 959 ἄλλους
1469 888 1640 956 τινας
1694 892 1808 948 τῶν
1857 887 2142 963 πολιτῶν,
2192 886 2297 948 καὶ
2344 887 2625 952 εἰσελθὼν
2672 888 2849 959 εὐθὺς
2897 890 3095 953 ἔναν-

664 997 788 1063 τΙον
835 1000 941 1060 τοῦ
992 997 1347 1073 στρατηγοῦ
1395 992 1618 1069 λόγους
1670 988 1816 1070 πρὸς
1857 991 2042 1054 αὐτὸν
2084 987 2433 1071 ἐποιούμην,
2475 993 2580 1056 καὶ
2625 992 2824 1068 ἠξίουν
2867 997 3090 1060 αὐτὸν

664 1104 776 1177 τήν
846 1126 917 1166 τε
989 1105 1136 1165 ναῦν
1205 1121 1307 1176 μοι
1380 1095 1937 1177 παραλαμβάνειν,
2010 1096 2114 1160 καὶ
2179 1101 2289 1161 τοῦ
2351 1099 3091 1180 ἐπιτετριηραρχημένου

663 1208 879 1290 χρόνου
944 1202 1293 1272 ἀποδιδόναι
1360 1226 1463 1281 μοι
1518 1201 1993 1281 τάναλώματα,
2044 1201 2150 1266 καὶ
2199 1202 2332 1281 περὶ
2382 1210 2498 1268 τῶν
2546 1212 2771 1269 σκευῶν
2821 1207 3090 1285 ἠρώτων

667 1312 871 1390 αὐτόν,
924 1310 1155 1391 πότερα
1203 1310 1658 1390 παραλήψεται
1709 1307 1744 1384 ἠ
1795 1307 1926 1372 ἴδια
1975 1309 2162 1383 σκεύη
2211 1309 2373 1389 ἔχων
2422 1306 2547 1384 ἥκοι
2599 1310 2697 1375 ἐπὶ
2748 1311 2859 1384 τήν
2886 1317 3088 1378 ναῦν.

572 1427 638 1476 84
668 1422 881 1484 ταῦτα
930 1416 993 1482 δέ
1038 1439 1157 1495 μου
1205 1412 1696 1496 προκαλουμένου
1744 1411 1956 1491 αὐτόν,
2005 1414 2206 1492 ἠρώτα
2252 1438 2335 1491 με
2383 1414 2532 1480 διότι
2583 1416 2769 1491 σκεύη
2818 1441 2895 1481 τε
2937 1417 3087 1482 ἴδια

669 1523 845 1600 μόνος
895 1520 1104 1602 ἔχοιμι
1140 1527 1268 1585 τῶν
1316 1504 1712 1602 τριηράρχων,
1761 1518 1866 1582 καὶ
1918 1519 2149 1598 πότερα
2201 1522 2236 1595 ἠ
2286 1518 2465 1592 πόλις
2512 1522 2620 1586 οὐκ
2658 1522 2839 1596 εἰδείη
2884 1526 3083 1597 τινὰς

670 1629 1036 1705 δυναμένους
1086 1630 1272 1702 σκεύη
1321 1633 1681 1708 παρασχεῖν
1726 1634 1870 1696 ταῖς
1918 1627 2150 1704 ναυσίν,
2199 1623 2355 1692 ὥστε
2405 1630 2566 1703 αὖτή
2605 1630 2693 1705 μή
2734 1630 3084 1712 παρέχειν.

676 1736 732 1812 ’ἠ
794 1738 870 1802 σὺ
933 1736 1236 1800 τοσοῦτον’
1300 1731 1422 1814 ἔφη
1490 1729 1986 1812 “ὑπερπε’παικας
2052 1732 2298 1814 πλούτῳ
2364 1733 2503 1804 τοὺς
2566 1730 2835 1814 ἄλλους,
2904 1734 3083 1801 ὥστε

740 1903 846 1967 933
881 1902 1002 1960 τοὺς
1037 1898 1330 1966 διαδόχους]
1364 1899 1483 1957 τοὺς
1517 1915 1614 1949 om.
1651 1899 1803 1949 A.—

739 1987 847 2049 §34
879 1983 975 2047 ’ἔφη
1008 1989 1120 2049 post
1152 1984 1394 2031 τοσοῦτον
1428 1998 1526 2032 om.
1558 1982 1605 2032 S.
1626 2009 1693 2020 —

741 2120 764 2179 §
785 2116 847 2165 33
877 2110 1367 2174 καταλαμβάνω
1404 2106 1471 2160 οὗ
1489 2129 1512 2159 ν
1541 2109 1829 2160 καὶτοῦ-

674 2217 709 2249 τ
723 2215 748 2248 ο
761 2199 808 2264 ν]
872 2196 1099 2257 „Perdite
1164 2199 1300 2243 amat
1356 2210 1626 2259 anonymus
1685 2209 1827 2242 usum

676 2282 822 2331 huius
874 2276 1208 2345 pronominis”
1260 2276 1319 2325 G.
1371 2275 1439 2326 H.
1493 2276 1719 2325 Schaefer
1765 2275 1828 2324 ad

677 2363 850 2413 XLIX.
884 2363 976 2421 453
1024 2360 1161 2410 cuius
1201 2358 1380 2408 amoris
1414 2358 1719 2408 luculentum
1754 2374 1828 2406 ex-

679 2446 895 2511 emplum
926 2449 1000 2493 est
1026 2447 1048 2505 ς
1071 2443 1133 2491 54
1150 2458 1222 2507 sq.
1249 2440 1395 2490 huius
1415 2440 1649 2490 orationis
1679 2440 1740 2488 cf.
1767 2441 1828 2489 A.

679 2528 904 2578 Schaefer
948 2525 1076 2574 Add.
1114 2540 1195 2589 ΡΒ.
1234 2522 1330 2574 187
1350 2539 1421 2588 sq.
1436 2561 1448 2582 ,
1483 2522 1713 2587 Lortzing
1746 2539 1829 2588 pg.

681 2613 747 2661 34
763 2627 853 2675 sq„
885 2609 1000 2673 Sigg
1033 2623 1113 2673 pg.
1141 2604 1258 2657 427.

746 2694 945 2755 λόγου
963 2707 986 2748 ς
1031 2685 1418 2753 ἐποιούμην]
1464 2688 1524 2737 de
1556 2687 1831 2753 periphrasi

678 2778 740 2827 cf.
770 2776 833 2826 ad
860 2779 883 2837 ς
904 2777 932 2823 9
951 2773 1196 2836 πρόφασιν
1215 2768 1561 2831 ποιησάμενος.
1592 2780 1625 2818 λ
1638 2771 1664 2818 ό
1673 2787 1713 2832 γ
1726 2787 1749 2819 ο
1763 2786 1790 2817 υ
1806 2786 1829 2827 ς

679 2854 1016 2908 ποιεῖσθαι
1068 2860 1143 2904 est
1190 2854 1331 2903 verba
1371 2853 1575 2918 facere,
1631 2854 1829 2915 λόγον

681 2958 758 2990 πο
772 2958 787 2988 ι
803 2940 894 2989 εῖν
925 2938 1223 3003 facultatem
1253 2936 1431 3001 facere
1476 2935 1701 2995 dicendi,
1736 2945 1768 2982 λ
1781 2936 1833 2983 ό-

679 3037 839 3086 γους
885 3017 1115 3081 λέγειν
1157 3003 1298 3068 verba
1341 3018 1460 3067 dare
1495 3018 1556 3067 cf.
1593 3018 1653 3067 de
1686 3017 1831 3066 Haan

683 3106 798 3155 diss.
831 3119 911 3169 ΡΒ.
949 3102 1011 3153 35
1049 3102 1108 3151 de
1143 3100 1328 3165 origine
1361 3099 1508 3148 huius
1539 3100 1784 3150 dictionis.

750 3188 993 3246 πότερα
1044 3179 1515 3245 παραλήψεται
1564 3209 1635 3220 --
1683 3180 1714 3238 ’ἠ
1766 3210 1832 3219 -

578 3321 583 3326 ,
685 3271 718 3329 η’
728 3287 794 3319 κο
810 3269 851 3335 ι]
883 3267 1018 3317 modi
1049 3267 1307 3315 verborum
1340 3270 1593 3314 mutantur
1626 3269 1684 3314 ut
1701 3270 1836 3314 amat

681 3357 847 3402 noster
879 3355 991 3415 post
1025 3349 1224 3398 verbum
1259 3347 1540 3396 declarandi
1567 3348 1631 3396 cf.
1650 3333 1764 3409 'ad5
1787 3348 1834 3396 9.

682 3434 779 3484 Sic.
813 3432 953 3481 LIII.
973 3432 1029 3479 52
1065 3426 1525 3479 ἐπιστέλλω-ὅτι
1557 3426 1715 3487 αὐτὸς
1743 3428 1834 3490 μὲν

685 3516 909 3578 ἀνῆγμαι
953 3511 1041 3561 καὶ
1073 3509 1174 3574 οἷιχ
1207 3505 1306 3569 οἷός
1341 3511 1393 3558 τ’
1430 3508 1546 3568 εἵην,
1577 3511 1705 3560 LIX.
1742 3511 1832 3560 81:

688 3596 850 3660 λέγων
884 3596 963 3645 ὅτι
997 3593 1086 3644 οὐκ
1110 3591 1217 3659 ᾔδει
1248 3621 1314 3631 -
1332 3591 1456 3642 ἀλλ’
1487 3590 1834 3658 ἐξαπατηθείη.

755 3681 861 3743 §34
888 3679 1104 3727 ταῦτα
1139 3673 1206 3725 δέ
1236 3690 1355 3736 μου
1390 3674 1835 3737 προκαλουμέ-

688 3763 819 3828 νου]
855 3762 917 3811 cf.
954 3760 1015 3809 ad
1051 3758 1174 3821 526.

754 3842 952 3909 διότι]
989 3843 1052 3892 cf.
1089 3841 1153 3891 ad
1188 3841 1310 3903 §24

754 3925 1019 3991 πότερα]
1097 3924 1216 3973 ordo
1292 3922 1547 3973 verborum
1609 3921 1835 3971 turbatus

687 4010 865 4061 omisso
894 4004 941 4068 ἠ,
971 4008 1034 4056 cf.
1061 4006 1263 4056 Kiihner
1290 4005 1544 4067 (Gi-amm.)
1570 4003 1651 4052 ΙΙ*
1678 4003 1725 4052 2.
1754 4018 1835 4068 ΡΒ.

690 4091 818 4142 1031
856 4092 917 4140 A.
952 4090 1036 4140 20.

756 4171 926 4221 ὥστε
979 4168 1062 4232 μή
1114 4165 1458 4233 παρέχειν]
1511 4168 1571 4217 de
1617 4167 1711 4217 hoc
1745 4183 1836 4216 usu

690 4255 816 4306 coni.
858 4251 993 4302 ὥστε
1036 4269 1077 4302 c.
1112 4252 1210 4300 Ins.
1244 4250 1307 4300 cf.
1349 4249 1550 4299 Kiihner
1581 4249 1837 4311 (Gramm.)

689 4338 770 4388 11²
812 4337 843 4386 2
876 4351 958 4401 ΡΒ.
996 4332 1191 4398 1007.Β.
1220 4337 1271 4382 et
1295 4348 1409 4382 mox
1445 4329 1614 4381 ὥστε
1646 4329 1838 4393 ’ἔχειν

688 4437 770 4487 ΡΒ.
804 4418 935 4468 1002
970 4434 1016 4467 a.
1051 4432 1103 4466 α.

756 4499 919 4556 αῧτή
952 4497 1032 4561 μή
1062 4495 1408 4562 παρέχειν]
1424 4502 1588 4545 noster
1604 4496 1704 4545 fere
1721 4511 1843 4545 sem·

692 4601 777 4651 per
803 4580 1161 4632 nominativum
1189 4596 1230 4629 c.
1253 4580 1352 4630 Ins.
1371 4578 1587 4638 adhibet,
1605 4594 1715 4627 cum
1734 4579 1844 4628 sub-

691 4669 874 4717 iectum
900 4664 1030 4714 idem
1058 4668 1133 4714 est
1160 4677 1219 4712 ac
1234 4661 1371 4712 verbi
1387 4661 1598 4726 regentis
1615 4662 1679 4711 cf.
1695 4660 1842 4710 huius

1904 2128 1992 2159 ται
2024 2112 2124 2173 γὰρ
2161 2110 2271 2172 περὶ
2297 2110 2522 2170 πλείονος
2553 2110 2727 2170 αὑτοῖς
2757 2108 2881 2162 εἶναι
2914 2113 3084 2164 καλοῖ

1904 2192 2119 2256 κάγαθοὶ
2152 2192 2308 2243 δοκεῖν
2344 2190 2466 2243 εἶναι
2483 2232 2497 2255 ,
2531 2201 2582 2244 et
2617 2198 2666 2258 ἧς
2683 2195 2774 2255 41,
2808 2198 2893 2256 44,
2923 2196 3080 2247 LIII.

1905 2275 1952 2324 2.
1998 2274 2197 2326 XLVII.
2249 2276 2339 2326 29:
2387 2276 2509 2326 ἀλλ’
2545 2275 2670 2339 ᾤετο
2697 2304 2767 2316 -
2792 2275 2956 2336 αιἰτός
2994 2276 3083 2328 ἐκ·

1905 2356 2065 2406 ποδῶν
2109 2360 2369 2421 γενόμενος
2413 2357 2635 2422 ἠσυχίαν
2679 2359 2820 2424 ἕξειν.
2863 2360 3084 2411 Demos-

1903 2441 2075 2489 thenes
2100 2440 2231 2490 idem
2261 2441 2405 2501 facit,
2434 2443 2519 2491 sed
2547 2458 2691 2507 saepe
2718 2443 3080 2494 concinnitatis

1906 2538 2053 2571 causa
2087 2523 2418 2572 accusativum
2450 2523 2675 2584 adhibet,
2711 2525 2774 2574 cf.
2801 2524 2940 2576 XXI.
2972 2524 3074 2577 74:

1908 2604 1992 2653 καὶ
2021 2601 2481 2666 ἐμαυτὸν-οἶμαι
2513 2605 3076 2667 βεβουλεῦσθαι-καὶ

1907 2684 2046 2736 οὐδὲν
2073 2685 2346 2744 ἀνήκεστον
2376 2684 2661 2753 ἐξαχθέντα
2689 2690 2902 2754 πρᾶξαι,
2932 2690 3075 2743 XIX.

1910 2770 2029 2818 189:
2059 2765 2162 2831 ἐγὼ
2193 2767 2237 2818 δ’
2257 2767 2368 2818 οὐδὲ
2389 2770 2919 2833 συμπεπρεσβευκέναι
2935 2779 3075 2835 φημι

1909 2868 2018 2907 σοι,
2044 2849 2332 2913 πρεσβεύειν
2361 2849 2534 2912 μέντοι
2566 2851 2627 2901 σὲ
2657 2852 2748 2914 μὲν
2777 2856 2955 2903 πολλὰ
2984 2853 3077 2904 καὶ

1910 2930 2059 2990 δεινά,
2073 2930 2292 2994 ἐμαυτὸν
2304 2930 2350 2981 δ’
2366 2930 2487 2995 ὑπὲρ
2501 2932 2693 2983 τούτων
2705 2936 2775 2983 τα
2787 2933 3074 2997 βέλτιστα.

1909 3015 2077 3065 Etiam
2121 3015 2252 3080 apud
2299 3015 2558 3065 Platonem
2589 3017 2749 3066 multa
2782 3023 2957 3067 extant
2992 3035 3075 3068 ex·

1912 3099 2091 3163 empla,
2130 3099 2192 3148 of.
2226 3098 2374 3163 Apol.
2408 3099 2540 3149 Soor.
2571 3115 2653 3164 ΡΒ.
2688 3100 2751 3148 33
2770 3100 2839 3148 B:
2877 3098 3079 3163 ἠγησά-

1912 3197 2055 3241 μενος
2084 3176 2306 3240 ἐμαυτὸν
2328 3184 2400 3243 τῷ
2418 3178 2527 3229 ’όντι
2546 3178 2909 3243 ἐπιεικέστερον
2927 3178 3076 3244 εῒναι,

1911 3263 2163 3327 Euthypro
2195 3278 2277 3328 ΡΒ.
2314 3262 2343 3311 3
2362 3262 2404 3310 Ε
2436 3261 2577 3311 ἄλλα
2607 3260 2674 3311 σύ
2702 3279 2763 3311 τε
2790 3264 2930 3312 κατὰ
2961 3266 3077 3313 νοῦν

1912 3345 2115 3408 ἀγωνιεῖ
2145 3344 2236 3402 τήν
2271 3342 2422 3401 δίκην,
2456 3340 2596 3406 οῒμαι
2634 3342 2689 3393 δὲ
2723 3343 2810 3393 καὶ
2846 3343 2940 3406 ὲμὶ
2976 3345 3074 3403 τήν

1915 3425 2050 3488 ἐμήν.
2085 3427 2249 3492 Symp.
2282 3442 2364 3492 ΡΒ.
2399 3426 2494 3478 175
2514 3426 2554 3475 Ο
2587 3432 2638 3476 et
2665 3426 2823 3476 2201]
2852 3428 2941 3477 ubi
2960 3428 3074 3478 vide

1913 3510 2205 3559 Stallbaum.
2252 3509 2407 3559 Cobet
2451 3507 2511 3559 V.
2544 3509 2603 3558 L.
2633 3525 2716 3574 ΡΒ.
2754 3507 2849 3562 107
2883 3509 3074 3560 nihilo-

1913 3592 2074 3641 minus
2101 3592 2194 3640 hoc
2219 3583 2414 3656 gravem
2433 3608 2642 3641 errorem
2659 3597 2803 3642 vocat
2820 3598 2871 3642 et
2886 3594 3074 3658 ubique

1912 3674 2270 3724 nominativum
2319 3674 2675 3724 restituendum
2724 3690 2827 3723 esse
2879 3682 3075 3736 censet,

1914 3773 2024 3806 cum
2058 3762 2224 3806 tamen
2250 3763 2354 3805 tam
2381 3757 2549 3806 crebra
2574 3757 2796 3822 exempla
2823 3757 2973 3807 huius
3003 3759 3078 3808 di-

1913 3838 2054 3890 cendi
2079 3839 2223 3894 modo
2241 3843 2421 3899 extent,
2439 3838 2610 3889 dubito
2637 3839 2742 3889 viro
2759 3837 2892 3889 'claro
2912 3856 3079 3890 assen-

1912 3921 1998 3972 tiri
2025 3928 2171 3986 atque
2201 3921 2294 3971 hac
2321 3921 2373 3971 in
2401 3937 2452 3970 re
2475 3937 2666 3971 omnem
2682 3921 2829 3970 fidem
2846 3938 2876 3969 a
2895 3921 3078 3972 codici-

1913 4003 2004 4053 bus
2041 4003 2336 4065 abiudicare‚
2368 4004 2431 4054 cf.
2463 4020 2606 4070 porro
2635 4003 2864 4067 Lortzing
2884 4019 2966 4068 ΡΒ.
2989 4003 3077 4056 72.

1983 4082 2507 4152 ὑπερπέπαικας]
2554 4102 2645 4135 vox
2692 4082 2824 4151 apud
2871 4085 3079 4137 Demos·

1914 4167 2111 4217 thenem
2139 4184 2237 4218 non
2265 4167 2361 4218 nisi
2388 4168 2481 4219 hoc
2508 4169 2616 4218 loco
2647 4173 2910 4233 usurpata,
2937 4184 3081 4233 prae-

1917 4249 2080 4299 sertim
2101 4250 2233 4316 apud
2250 4250 2459 4301 comicos
2477 4250 2723 4302 invenitur
2740 4251 2802 4300 cf.
2819 4250 3077 4316 Aristoph-

1916 4331 2075 4382 Eccl.:
2113 4332 2243 4381 1118

2137 4414 2268 4463 πολι)
2306 4410 2353 4462 δ’
2389 4412 2754 4477 ὑπερπέπαικεν
2790 4409 2855 4463 αὖ

1986 4492 2179 4544 τούτων
2207 4493 2443 4545 ἁπάντων
2473 4499 2544 4547 τὰ
2573 4498 2728 4546 Θάσι’
2756 4494 3077 4560 ἀμφορείδια,

1920 4582 1971 4627 et
2014 4577 2148 4642 apud
2196 4578 2487 4642 posteriores
2531 4581 2595 4630 cf.
2640 4579 2897 4645 Ephippus
2942 4581 3079 4644 apud

1920 4659 2101 4710 Athen.
2165 4659 2263 4709 XII
2328 4661 2440 4712 538.
2476 4661 2535 4713 Β.
2595 4661 2802 4712 Photius
2862 4661 3082 4726 explieat

694 4747 927 4800 orationis
962 4748 1010 4808 §§
1029 4745 1076 4805 8,
1111 4744 1195 4802 63,
1228 4744 1308 4803 34,
1341 4743 1512 4792 XLIX.
1550 4742 1612 4795 37
1626 4763 1639 4791 2
1670 4741 1843 4806 ἠγοῦν-
1920 4759 2007 4808 pet
2041 4739 2363 4804 ὑπερβαίνειν,
2397 4742 2711 4808 πλεονάζειν.
