<?xml version="1.0" encoding="UTF-8"?>
<!DOCTYPE html PUBLIC "-//W3C//DTD XHTML 1.0 Transitional//EN"
    "http://www.w3.org/TR/xhtml1/DTD/xhtml1-transitional.dtd">
<html xmlns="http://www.w3.org/1999/xhtml" xml:lang="en" lang="en">
 <head>
  <title>
</title>
<meta http-equiv="Content-Type" content="text/html;charset=utf-8" />
  <meta name='ocr-system' content='tesseract 3.04.00' />
  <meta name='ocr-capabilities' content='ocr_page ocr_carea ocr_par ocr_line ocrx_word'/>
</head>
<body>
  <div class='ocr_page' id='page_1' title='image "./quaeferturorati00haargoog_0082.png"; bbox 0 0 3350 5417; ppageno 0'>
   <div class='ocr_carea' id='block_1_1' title="bbox 1820 627 1903 690">
    <p class='ocr_par' dir='ltr' id='par_1_1' title="bbox 1820 627 1903 690">
     <span class='ocr_line' id='line_1_1' title="bbox 1820 627 1903 690; baseline 0 0"><span class='ocrx_word' id='word_1_1' title='bbox 1820 627 1903 690; x_wconf 72' lang='lat'>52</span> 
     </span>
    </p>
   </div>
   <div class='ocr_carea' id='block_1_2' title="bbox 673 869 3072 1345">
    <p class='ocr_par' dir='ltr' id='par_1_2' title="bbox 673 869 3072 1345">
     <span class='ocr_line' id='line_1_2' title="bbox 1759 869 1958 943; baseline 0 -1"><span class='ocrx_word' id='word_1_2' title='bbox 1759 869 1958 943; x_wconf 88' lang='lat' dir='ltr'><strong>XIV.</strong></span> 
     </span>
     <span class='ocr_line' id='line_1_3' title="bbox 765 1045 1700 1111; baseline 0.003 -4"><span class='ocrx_word' id='word_1_3' title='bbox 765 1051 893 1111; x_wconf 55' lang='lat' dir='ltr'>[liv.</span> <span class='ocrx_word' id='word_1_4' title='bbox 941 1045 1017 1110; x_wconf 94' lang='lat' dir='ltr'>de</span> <span class='ocrx_word' id='word_1_5' title='bbox 1065 1047 1272 1111; x_wconf 90' lang='lat' dir='ltr'>Amic.</span> <span class='ocrx_word' id='word_1_6' title='bbox 1324 1045 1526 1110; x_wconf 86' lang='lat' dir='ltr'>XVII.</span> <span class='ocrx_word' id='word_1_7' title='bbox 1578 1046 1700 1111; x_wconf 81' lang='lat'>62:</span> 
     </span>
     <span class='ocr_line' id='line_1_4' title="bbox 765 1151 3072 1238; baseline -0 -23"><span class='ocrx_word' id='word_1_8' title='bbox 765 1155 881 1215; x_wconf 56' lang='lat' dir='ltr'>ffel</span> <span class='ocrx_word' id='word_1_9' title='bbox 954 1173 1138 1237; x_wconf 86' lang='lat' dir='ltr'>saepe</span> <span class='ocrx_word' id='word_1_10' title='bbox 1207 1152 1475 1238; x_wconf 83' lang='lat' dir='ltr'>(Scipio)</span> <span class='ocrx_word' id='word_1_11' title='bbox 1527 1191 1612 1202; x_wconf 96' lang='lat'>—</span> <span class='ocrx_word' id='word_1_12' title='bbox 1659 1153 2074 1238; x_wconf 80' lang='lat' dir='ltr'><strong>querebatur,</strong></span> <span class='ocrx_word' id='word_1_13' title='bbox 2140 1152 2325 1237; x_wconf 76' lang='lat' dir='ltr'>quod,</span> <span class='ocrx_word' id='word_1_14' title='bbox 2374 1153 2671 1218; x_wconf 91' lang='lat' dir='ltr'>omnibus</span> <span class='ocrx_word' id='word_1_15' title='bbox 2730 1154 2801 1215; x_wconf 91' lang='lat' dir='ltr'>in</span> <span class='ocrx_word' id='word_1_16' title='bbox 2861 1151 3072 1216; x_wconf 87' lang='lat' dir='ltr'>rebus</span> 
     </span>
     <span class='ocr_line' id='line_1_5' title="bbox 673 1257 3071 1345; baseline 0.001 -26"><span class='ocrx_word' id='word_1_17' title='bbox 673 1263 962 1323; x_wconf 62' lang='lat' dir='ltr'>hmines</span> <span class='ocrx_word' id='word_1_18' title='bbox 1023 1258 1459 1345; x_wconf 79' lang='lat' dir='ltr'>diligentiores</span> <span class='ocrx_word' id='word_1_19' title='bbox 1517 1266 1724 1325; x_wconf 90' lang='lat' dir='ltr'>essent</span> <span class='ocrx_word' id='word_1_20' title='bbox 1772 1298 1855 1308; x_wconf 89' lang='lat'>—-</span> <span class='ocrx_word' id='word_1_21' title='bbox 1906 1263 1975 1324; x_wconf 90' lang='lat' dir='ltr'>in</span> <span class='ocrx_word' id='word_1_22' title='bbox 2020 1262 2242 1325; x_wconf 91' lang='lat' dir='ltr'>amicis</span> <span class='ocrx_word' id='word_1_23' title='bbox 2289 1258 2600 1345; x_wconf 77' lang='lat' dir='ltr'>eligendis</span> <span class='ocrx_word' id='word_1_24' title='bbox 2647 1257 3071 1345; x_wconf 69' lang='lat' dir='ltr'>negligentes</span> 
     </span>
    </p>
   </div>
   <div class='ocr_carea' id='block_1_3' title="bbox 669 1364 3072 1643">
    <p class='ocr_par' dir='ltr' id='par_1_3' title="bbox 669 1364 3072 1643">
     <span class='ocr_line' id='line_1_6' title="bbox 673 1364 3072 1452; baseline 0 -25"><span class='ocrx_word' id='word_1_25' title='bbox 673 1387 801 1427; x_wconf 45' lang='lat' dir='ltr'>sae-„e</span> <span class='ocrx_word' id='word_1_26' title='bbox 853 1385 959 1428; x_wconf 73' lang='lat' dir='ltr'>nec</span> <span class='ocrx_word' id='word_1_27' title='bbox 1006 1364 1236 1430; x_wconf 91' lang='lat' dir='ltr'>habere</span> <span class='ocrx_word' id='word_1_28' title='bbox 1284 1368 1465 1450; x_wconf 90' lang='lat' dir='ltr'>quasi</span> <span class='ocrx_word' id='word_1_29' title='bbox 1516 1368 1702 1451; x_wconf 89' lang='lat' dir='ltr'>signa</span> <span class='ocrx_word' id='word_1_30' title='bbox 1751 1366 2064 1452; x_wconf 80' lang='lat' dir='ltr'>quaedam</span> <span class='ocrx_word' id='word_1_31' title='bbox 2104 1372 2168 1430; x_wconf 91' lang='lat' dir='ltr'>et</span> <span class='ocrx_word' id='word_1_32' title='bbox 2206 1371 2422 1443; x_wconf 90' lang='lat' dir='ltr'>notas,</span> <span class='ocrx_word' id='word_1_33' title='bbox 2467 1366 2698 1450; x_wconf 89' lang='lat' dir='ltr'>quibus</span> <span class='ocrx_word' id='word_1_34' title='bbox 2738 1367 2901 1446; x_wconf 91' lang='lat' dir='ltr'>[eos]</span> <span class='ocrx_word' id='word_1_35' title='bbox 2946 1366 3072 1448; x_wconf 88' lang='lat' dir='ltr'>qui</span> 
     </span>
     <span class='ocr_line' id='line_1_7' title="bbox 669 1471 2104 1551; baseline 0.003 -20"><span class='ocrx_word' id='word_1_36' title='bbox 669 1471 741 1535; x_wconf 63' lang='lat' dir='ltr'>1³1ss</span> <span class='ocrx_word' id='word_1_37' title='bbox 797 1474 1144 1536; x_wconf 66' lang='lat' dir='ltr'>wnicitiam</span> <span class='ocrx_word' id='word_1_38' title='bbox 1189 1478 1396 1536; x_wconf 86' lang='lat' dir='ltr'>essent</span> <span class='ocrx_word' id='word_1_39' title='bbox 1440 1473 1681 1551; x_wconf 92' lang='lat' dir='ltr'>idonei,</span> <span class='ocrx_word' id='word_1_40' title='bbox 1730 1474 2104 1538; x_wconf 90' lang='lat' dir='ltr'>iudicarent.</span> 
     </span>
     <span class='ocr_line' id='line_1_8' title="bbox 769 1577 2191 1643; baseline 0.003 -4"><span class='ocrx_word' id='word_1_41' title='bbox 769 1579 1065 1641; x_wconf 44' lang='lat' dir='ltr'>[hyl-eatur</span> <span class='ocrx_word' id='word_1_42' title='bbox 1111 1577 1508 1643; x_wconf 88' lang='lat' dir='ltr'>vocubulum</span> <span class='ocrx_word' id='word_1_43' title='bbox 1554 1581 1803 1643; x_wconf 91' lang='lat' dir='ltr'>uncinis</span> <span class='ocrx_word' id='word_1_44' title='bbox 1848 1577 2191 1643; x_wconf 87' lang='lat' dir='ltr'>inclusum.</span> 
     </span>
    </p>
   </div>
   <div class='ocr_carea' id='block_1_4' title="bbox 1786 1744 1948 1819">
    <p class='ocr_par' dir='ltr' id='par_1_4' title="bbox 1786 1744 1948 1819">
     <span class='ocr_line' id='line_1_9' title="bbox 1786 1744 1948 1819; baseline -0.019 0"><span class='ocrx_word' id='word_1_45' title='bbox 1786 1744 1948 1819; x_wconf 91' lang='lat' dir='ltr'>XV.</span> 
     </span>
    </p>
   </div>
   <div class='ocr_carea' id='block_1_5' title="bbox 669 1921 3067 2413">
    <p class='ocr_par' dir='ltr' id='par_1_5' title="bbox 765 1921 1574 1987">
     <span class='ocr_line' id='line_1_10' title="bbox 765 1921 1574 1987; baseline 0.002 -4"><span class='ocrx_word' id='word_1_46' title='bbox 765 1923 893 1987; x_wconf 58' lang='grc' dir='ltr'>[Ἕκ.</span> <span class='ocrx_word' id='word_1_47' title='bbox 947 1921 1022 1987; x_wconf 92' lang='lat' dir='ltr'>de</span> <span class='ocrx_word' id='word_1_48' title='bbox 1068 1922 1315 1987; x_wconf 84' lang='lat' dir='ltr'>Senect.</span> <span class='ocrx_word' id='word_1_49' title='bbox 1365 1921 1446 1986; x_wconf 93' lang='lat' dir='ltr'>II.</span> <span class='ocrx_word' id='word_1_50' title='bbox 1500 1921 1574 1987; x_wconf 86' lang='lat'>6:</span> 
     </span>
    </p>

    <p class='ocr_par' dir='ltr' id='par_1_6' title="bbox 669 2027 3067 2327">
     <span class='ocr_line' id='line_1_11' title="bbox 773 2027 3066 2112; baseline 0.001 -24"><span class='ocrx_word' id='word_1_51' title='bbox 773 2031 1076 2092; x_wconf 62' lang='lat' dir='ltr'>mamus</span> <span class='ocrx_word' id='word_1_52' title='bbox 1138 2048 1322 2104; x_wconf 88' lang='lat' dir='ltr'>sane,</span> <span class='ocrx_word' id='word_1_53' title='bbox 1387 2031 1509 2091; x_wconf 89' lang='lat' dir='ltr'>nisi</span> <span class='ocrx_word' id='word_1_54' title='bbox 1556 2027 1907 2093; x_wconf 89' lang='lat' dir='ltr'>molestum</span> <span class='ocrx_word' id='word_1_55' title='bbox 1955 2034 2084 2105; x_wconf 88' lang='lat' dir='ltr'>est,</span> <span class='ocrx_word' id='word_1_56' title='bbox 2134 2027 2327 2107; x_wconf 79' lang='lat' dir='ltr'>Cato,</span> <span class='ocrx_word' id='word_1_57' title='bbox 2378 2036 2556 2108; x_wconf 92' lang='lat' dir='ltr'>(cum</span> <span class='ocrx_word' id='word_1_58' title='bbox 2602 2033 2701 2110; x_wconf 91' lang='lat' dir='ltr'>tu)</span> <span class='ocrx_word' id='word_1_59' title='bbox 2747 2033 3066 2112; x_wconf 89' lang='lat' dir='ltr'>tanquam</span> 
     </span>
     <span class='ocr_line' id='line_1_12' title="bbox 669 2130 3067 2221; baseline 0.002 -26"><span class='ocrx_word' id='word_1_60' title='bbox 669 2135 929 2219; x_wconf 49' lang='lat' dir='ltr'>ltjngzzffl</span> <span class='ocrx_word' id='word_1_61' title='bbox 999 2134 1282 2219; x_wconf 79' lang='lat' dir='ltr'>aliquam</span> <span class='ocrx_word' id='word_1_62' title='bbox 1350 2137 1527 2199; x_wconf 85' lang='lat' dir='ltr'>viam</span> <span class='ocrx_word' id='word_1_63' title='bbox 1600 2135 1970 2213; x_wconf 84' lang='lat' dir='ltr'>confeceris,</span> <span class='ocrx_word' id='word_1_64' title='bbox 2037 2156 2231 2219; x_wconf 90' lang='lat' dir='ltr'>quam</span> <span class='ocrx_word' id='word_1_65' title='bbox 2291 2130 2501 2200; x_wconf 65' lang='lat' dir='ltr'>nobis&#39;</span> <span class='ocrx_word' id='word_1_66' title='bbox 2534 2156 2786 2220; x_wconf 90' lang='lat' dir='ltr'>quoque</span> <span class='ocrx_word' id='word_1_67' title='bbox 2846 2137 3067 2221; x_wconf 88' lang='lat' dir='ltr'>ingre-</span> 
     </span>
     <span class='ocr_line' id='line_1_13' title="bbox 673 2240 2946 2327; baseline 0.001 -24"><span class='ocrx_word' id='word_1_68' title='bbox 673 2243 973 2304; x_wconf 54' lang='lat' dir='ltr'>diensium</span> <span class='ocrx_word' id='word_1_69' title='bbox 1020 2244 1138 2319; x_wconf 91' lang='lat' dir='ltr'>sit,</span> <span class='ocrx_word' id='word_1_70' title='bbox 1185 2244 1387 2318; x_wconf 88' lang='lat' dir='ltr'>istuc,</span> <span class='ocrx_word' id='word_1_71' title='bbox 1438 2262 1562 2325; x_wconf 90' lang='lat' dir='ltr'>quo</span> <span class='ocrx_word' id='word_1_72' title='bbox 1610 2244 1992 2326; x_wconf 74' lang='lat' dir='ltr'>pervenisti,</span> <span class='ocrx_word' id='word_1_73' title='bbox 2042 2242 2258 2307; x_wconf 86' lang='lat' dir='ltr'>videre</span> <span class='ocrx_word' id='word_1_74' title='bbox 2303 2242 2490 2327; x_wconf 90' lang='lat' dir='ltr'>quale</span> <span class='ocrx_word' id='word_1_75' title='bbox 2539 2244 2643 2306; x_wconf 90' lang='lat' dir='ltr'>sit.</span> <span class='ocrx_word' id='word_1_76' title='bbox 2940 2240 2946 2245; x_wconf 78' lang='grc'><em>’</em></span> 
     </span>
    </p>

    <p class='ocr_par' dir='ltr' id='par_1_7' title="bbox 769 2346 2252 2413">
     <span class='ocr_line' id='line_1_14' title="bbox 769 2346 2252 2413; baseline 0.005 -7"><span class='ocrx_word' id='word_1_77' title='bbox 769 2347 1095 2412; x_wconf 43' lang='lat' dir='ltr'>Inserenda</span> <span class='ocrx_word' id='word_1_78' title='bbox 1140 2353 1291 2412; x_wconf 90' lang='lat' dir='ltr'>sunt</span> <span class='ocrx_word' id='word_1_79' title='bbox 1335 2346 1647 2413; x_wconf 86' lang='lat' dir='ltr'>vocabula</span> <span class='ocrx_word' id='word_1_80' title='bbox 1691 2350 1942 2412; x_wconf 89' lang='lat' dir='ltr'>uncinis</span> <span class='ocrx_word' id='word_1_81' title='bbox 1986 2347 2252 2413; x_wconf 90' lang='lat' dir='ltr'>inclusa.</span> 
     </span>
    </p>
   </div>
   <div class='ocr_carea' id='block_1_6' title="bbox 1762 2512 1961 2585">
    <p class='ocr_par' dir='ltr' id='par_1_8' title="bbox 1762 2512 1961 2585">
     <span class='ocr_line' id='line_1_15' title="bbox 1762 2512 1961 2585; baseline 0 0"><span class='ocrx_word' id='word_1_82' title='bbox 1762 2512 1961 2585; x_wconf 91' lang='lat' dir='ltr'>XVI.</span> 
     </span>
    </p>
   </div>
   <div class='ocr_carea' id='block_1_7' title="bbox 769 2686 2219 2772">
    <p class='ocr_par' dir='ltr' id='par_1_9' title="bbox 769 2686 2219 2772">
     <span class='ocr_line' id='line_1_16' title="bbox 769 2686 2219 2772; baseline 0.002 -21"><span class='ocrx_word' id='word_1_83' title='bbox 769 2691 905 2755; x_wconf 50' lang='lat' dir='ltr'>litut.</span> <span class='ocrx_word' id='word_1_84' title='bbox 955 2687 1192 2753; x_wconf 88' lang='lat' dir='ltr'><strong>XXIV.</strong></span> <span class='ocrx_word' id='word_1_85' title='bbox 1248 2686 1463 2755; x_wconf 79' lang='lat'>16.17</span> <span class='ocrx_word' id='word_1_86' title='bbox 1515 2689 1637 2769; x_wconf 90' lang='lat' dir='ltr'>(ed.</span> <span class='ocrx_word' id='word_1_87' title='bbox 1691 2688 2219 2772; x_wconf 87' lang='lat' dir='ltr'>Weissenborn.):</span> 
     </span>
    </p>
   </div>
   <div class='ocr_carea' id='block_1_8' title="bbox 673 2794 3065 3307">
    <p class='ocr_par' dir='ltr' id='par_1_10' title="bbox 673 2794 3065 3091">
     <span class='ocr_line' id='line_1_17' title="bbox 773 2794 3065 2882; baseline 0.004 -27"><span class='ocrx_word' id='word_1_88' title='bbox 773 2799 833 2855; x_wconf 69' lang='grc' dir='ltr'>Ηι</span> <span class='ocrx_word' id='word_1_89' title='bbox 897 2794 1221 2860; x_wconf 72' lang='lat' dir='ltr'>Gracchus</span> <span class='ocrx_word' id='word_1_90' title='bbox 1268 2798 1361 2859; x_wconf 87' lang='lat' dir='ltr'>ita</span> <span class='ocrx_word' id='word_1_91' title='bbox 1401 2799 1729 2881; x_wconf 78' lang='lat' dir='ltr'>permisit,</span> <span class='ocrx_word' id='word_1_92' title='bbox 1771 2799 1838 2860; x_wconf 91' lang='lat' dir='ltr'>in</span> <span class='ocrx_word' id='word_1_93' title='bbox 1876 2795 2134 2881; x_wconf 90' lang='lat' dir='ltr'>publico</span> <span class='ocrx_word' id='word_1_94' title='bbox 2175 2796 2588 2882; x_wconf 78' lang='lat' dir='ltr'>epularentur</span> <span class='ocrx_word' id='word_1_95' title='bbox 2627 2820 2868 2864; x_wconf 91' lang='lat' dir='ltr'>omnes.</span> <span class='ocrx_word' id='word_1_96' title='bbox 2910 2805 3065 2865; x_wconf 90' lang='lat' dir='ltr'>ante</span> 
     </span>
     <span class='ocr_line' id='line_1_18' title="bbox 673 2901 1890 2986; baseline 0.003 -23"><span class='ocrx_word' id='word_1_97' title='bbox 673 2923 817 2963; x_wconf 44' lang='lat' dir='ltr'>’sim</span> <span class='ocrx_word' id='word_1_98' title='bbox 865 2901 1109 2984; x_wconf 49' lang='lat' dir='ltr'>filisque</span> <span class='ocrx_word' id='word_1_99' title='bbox 1154 2902 1315 2965; x_wconf 87' lang='lat' dir='ltr'>fores</span> <span class='ocrx_word' id='word_1_100' title='bbox 1360 2902 1609 2986; x_wconf 86' lang='lat' dir='ltr'>prolata</span> <span class='ocrx_word' id='word_1_101' title='bbox 1657 2905 1890 2967; x_wconf 89' lang='lat' dir='ltr'>omnia.</span> 
     </span>
     <span class='ocr_line' id='line_1_19' title="bbox 693 3007 1312 3091; baseline -0.002 -20"><span class='ocrx_word' id='word_1_102' title='bbox 693 3067 697 3071; x_wconf 90' lang='lat'>.</span> <span class='ocrx_word' id='word_1_103' title='bbox 773 3007 1312 3091; x_wconf 65' lang='lat' dir='ltr'>ngfflidumjest:</span> 
     </span>
    </p>

    <p class='ocr_par' dir='ltr' id='par_1_11' title="bbox 677 3110 3063 3307">
     <span class='ocr_line' id='line_1_20' title="bbox 765 3110 3063 3202; baseline 0.004 -27"><span class='ocrx_word' id='word_1_104' title='bbox 765 3115 849 3175; x_wconf 63' lang='lat' dir='ltr'>Ei.</span> <span class='ocrx_word' id='word_1_105' title='bbox 913 3110 1232 3179; x_wconf 73' lang='lat' dir='ltr'>Gracchus</span> <span class='ocrx_word' id='word_1_106' title='bbox 1296 3116 1391 3180; x_wconf 89' lang='lat' dir='ltr'>ita</span> <span class='ocrx_word' id='word_1_107' title='bbox 1452 3118 1780 3199; x_wconf 84' lang='lat' dir='ltr'>permisit,</span> <span class='ocrx_word' id='word_1_108' title='bbox 1828 3122 1897 3179; x_wconf 77' lang='lat' dir='ltr'>ut</span> <span class='ocrx_word' id='word_1_109' title='bbox 1940 3117 2009 3179; x_wconf 90' lang='lat' dir='ltr'>in</span> <span class='ocrx_word' id='word_1_110' title='bbox 2054 3115 2311 3201; x_wconf 90' lang='lat' dir='ltr'>publico</span> <span class='ocrx_word' id='word_1_111' title='bbox 2359 3116 2769 3202; x_wconf 89' lang='lat' dir='ltr'>epularentur</span> <span class='ocrx_word' id='word_1_112' title='bbox 2816 3141 3063 3185; x_wconf 89' lang='lat' dir='ltr'>omnes.</span> 
     </span>
     <span class='ocr_line' id='line_1_21' title="bbox 677 3220 2120 3307; baseline 0.003 -24"><span class='ocrx_word' id='word_1_113' title='bbox 677 3235 817 3283; x_wconf 57' lang='grc' dir='ltr'>τιειῑιιῑ*</span> <span class='ocrx_word' id='word_1_114' title='bbox 865 3241 1009 3284; x_wconf 59' lang='lat' dir='ltr'>suas</span> <span class='ocrx_word' id='word_1_115' title='bbox 1057 3220 1336 3305; x_wconf 67' lang='lat' dir='ltr'>cuiusque</span> <span class='ocrx_word' id='word_1_116' title='bbox 1383 3221 1548 3286; x_wconf 89' lang='lat' dir='ltr'>fores</span> <span class='ocrx_word' id='word_1_117' title='bbox 1596 3221 1843 3307; x_wconf 87' lang='lat' dir='ltr'>prolata</span> <span class='ocrx_word' id='word_1_118' title='bbox 1889 3224 2120 3288; x_wconf 88' lang='lat' dir='ltr'>omnia.</span> 
     </span>
    </p>
   </div>
   <div class='ocr_carea' id='block_1_9' title="bbox 1742 3388 1983 3461">
    <p class='ocr_par' dir='ltr' id='par_1_12' title="bbox 1742 3388 1983 3461">
     <span class='ocr_line' id='line_1_22' title="bbox 1742 3388 1983 3461; baseline 0 -1"><span class='ocrx_word' id='word_1_119' title='bbox 1742 3388 1983 3461; x_wconf 92' lang='lat' dir='ltr'>XVII.</span> 
     </span>
    </p>
   </div>
   <div class='ocr_carea' id='block_1_10' title="bbox 769 3562 1641 3631">
    <p class='ocr_par' dir='ltr' id='par_1_13' title="bbox 769 3562 1641 3631">
     <span class='ocr_line' id='line_1_23' title="bbox 769 3562 1641 3631; baseline 0.008 -8"><span class='ocrx_word' id='word_1_120' title='bbox 769 3567 951 3629; x_wconf 43' lang='lat' dir='ltr'>[Ji-id.</span> <span class='ocrx_word' id='word_1_121' title='bbox 999 3563 1267 3629; x_wconf 89' lang='lat' dir='ltr'>Metam.</span> <span class='ocrx_word' id='word_1_122' title='bbox 1317 3563 1423 3630; x_wconf 90' lang='lat' dir='ltr'>VI.</span> <span class='ocrx_word' id='word_1_123' title='bbox 1475 3562 1641 3631; x_wconf 80' lang='lat'>215:</span> 
     </span>
    </p>
   </div>
   <div class='ocr_carea' id='block_1_11' title="bbox 677 3670 3067 3949">
    <p class='ocr_par' dir='ltr' id='par_1_14' title="bbox 677 3670 3067 3949">
     <span class='ocr_line' id='line_1_24' title="bbox 769 3670 2793 3757; baseline 0.002 -26"><span class='ocrx_word' id='word_1_124' title='bbox 769 3671 1030 3748; x_wconf 56' lang='lat' dir='ltr'>l.}÷.:1..÷ine,</span> <span class='ocrx_word' id='word_1_125' title='bbox 1079 3670 1374 3735; x_wconf 89' lang='lat' dir='ltr'>Phoebus</span> <span class='ocrx_word' id='word_1_126' title='bbox 1423 3673 1548 3747; x_wconf 87' lang='lat' dir='ltr'>ait,</span> <span class='ocrx_word' id='word_1_127' title='bbox 1597 3693 1832 3756; x_wconf 90' lang='lat' dir='ltr'>poenae</span> <span class='ocrx_word' id='word_1_128' title='bbox 1880 3693 2060 3737; x_wconf 89' lang='lat' dir='ltr'>mora</span> <span class='ocrx_word' id='word_1_129' title='bbox 2105 3671 2303 3757; x_wconf 89' lang='lat' dir='ltr'>longa</span> <span class='ocrx_word' id='word_1_130' title='bbox 2350 3671 2632 3756; x_wconf 87' lang='lat' dir='ltr'>querella</span> <span class='ocrx_word' id='word_1_131' title='bbox 2678 3676 2793 3736; x_wconf 89' lang='lat' dir='ltr'>est.</span> 
     </span>
     <span class='ocr_line' id='line_1_25' title="bbox 769 3778 3067 3864; baseline 0.003 -25"><span class='ocrx_word' id='word_1_132' title='bbox 769 3779 1002 3843; x_wconf 42' lang='lat' dir='ltr'>Isauria</span> <span class='ocrx_word' id='word_1_133' title='bbox 1041 3778 1359 3842; x_wconf 84' lang='lat' dir='ltr'>Hartman</span> <span class='ocrx_word' id='word_1_134' title='bbox 1396 3779 1566 3843; x_wconf 89' lang='lat' dir='ltr'>hunc</span> <span class='ocrx_word' id='word_1_135' title='bbox 1605 3800 1868 3843; x_wconf 85' lang='lat' dir='ltr'>versum</span> <span class='ocrx_word' id='word_1_136' title='bbox 1906 3785 2161 3845; x_wconf 90' lang='lat' dir='ltr'>auctore</span> <span class='ocrx_word' id='word_1_137' title='bbox 2206 3779 2473 3843; x_wconf 91' lang='lat' dir='ltr'>Heinsio</span> <span class='ocrx_word' id='word_1_138' title='bbox 2514 3783 2822 3864; x_wconf 90' lang='lat' dir='ltr'>temptat,</span> <span class='ocrx_word' id='word_1_139' title='bbox 2864 3780 3067 3847; x_wconf 85' lang='lat' dir='ltr'>verba</span> 
     </span>
     <span class='ocr_line' id='line_1_26' title="bbox 677 3887 1222 3949; baseline 0.007 -4"><span class='ocrx_word' id='word_1_140' title='bbox 677 3899 813 3947; x_wconf 43' lang='lat' dir='ltr'>:sunl</span> <span class='ocrx_word' id='word_1_141' title='bbox 873 3887 1222 3949; x_wconf 75' lang='lat' dir='ltr'>sanissima.</span> 
     </span>
    </p>
   </div>
   <div class='ocr_carea' id='block_1_12' title="bbox 769 4050 1994 4315">
    <p class='ocr_par' dir='ltr' id='par_1_15' title="bbox 769 4050 1994 4315">
     <span class='ocr_line' id='line_1_27' title="bbox 1720 4050 1994 4124; baseline 0 -1"><span class='ocrx_word' id='word_1_142' title='bbox 1720 4050 1994 4124; x_wconf 91' lang='lat' dir='ltr'>XVIII.</span> 
     </span>
     <span class='ocr_line' id='line_1_28' title="bbox 769 4227 1657 4315; baseline 0.006 -28"><span class='ocrx_word' id='word_1_143' title='bbox 769 4231 950 4315; x_wconf 47' lang='lat' dir='ltr'>‘st-vg.</span> <span class='ocrx_word' id='word_1_144' title='bbox 999 4230 1157 4295; x_wconf 91' lang='lat' dir='ltr'>Aen.</span> <span class='ocrx_word' id='word_1_145' title='bbox 1208 4228 1324 4293; x_wconf 92' lang='lat' dir='ltr'>III.</span> <span class='ocrx_word' id='word_1_146' title='bbox 1373 4227 1504 4293; x_wconf 86' lang='lat'>454</span> <span class='ocrx_word' id='word_1_147' title='bbox 1531 4247 1657 4313; x_wconf 88' lang='lat' dir='ltr'>sq.:</span> 
     </span>
    </p>
   </div>
   <div class='ocr_carea' id='block_1_13' title="bbox 769 4335 2885 4827">
    <p class='ocr_par' dir='ltr' id='par_1_16' title="bbox 769 4335 2885 4827">
     <span class='ocr_line' id='line_1_29' title="bbox 769 4335 2539 4422; baseline 0.001 -23"><span class='ocrx_word' id='word_1_148' title='bbox 769 4338 1073 4411; x_wconf 52' lang='lat' dir='ltr'>Quamvis</span> <span class='ocrx_word' id='word_1_149' title='bbox 1118 4338 1499 4422; x_wconf 87' lang='lat' dir='ltr'>increpitent</span> <span class='ocrx_word' id='word_1_150' title='bbox 1545 4337 1699 4400; x_wconf 91' lang='lat' dir='ltr'>socii</span> <span class='ocrx_word' id='word_1_151' title='bbox 1745 4341 1810 4400; x_wconf 91' lang='lat' dir='ltr'>et</span> <span class='ocrx_word' id='word_1_152' title='bbox 1856 4337 1919 4399; x_wconf 81' lang='lat' dir='ltr'>vi</span> <span class='ocrx_word' id='word_1_153' title='bbox 1964 4359 2171 4399; x_wconf 71' lang='lat' dir='ltr'>cursus</span> <span class='ocrx_word' id='word_1_154' title='bbox 2216 4339 2285 4400; x_wconf 86' lang='lat' dir='ltr'>in</span> <span class='ocrx_word' id='word_1_155' title='bbox 2334 4335 2539 4400; x_wconf 90' lang='lat' dir='ltr'>altum</span> 
     </span>
     <span class='ocr_line' id='line_1_30' title="bbox 769 4443 2382 4529; baseline 0.004 -28"><span class='ocrx_word' id='word_1_156' title='bbox 769 4443 915 4507; x_wconf 43' lang='lat' dir='ltr'>Vela</span> <span class='ocrx_word' id='word_1_157' title='bbox 951 4450 1111 4507; x_wconf 78' lang='lat' dir='ltr'>vocet</span> <span class='ocrx_word' id='word_1_158' title='bbox 1149 4447 1475 4529; x_wconf 85' lang='lat' dir='ltr'>possisque</span> <span class='ocrx_word' id='word_1_159' title='bbox 1522 4446 1699 4508; x_wconf 88' lang='lat' dir='ltr'>sinus</span> <span class='ocrx_word' id='word_1_160' title='bbox 1746 4443 2013 4528; x_wconf 88' lang='lat' dir='ltr'>implere</span> <span class='ocrx_word' id='word_1_161' title='bbox 2059 4443 2382 4508; x_wconf 87' lang='lat' dir='ltr'>secundos.</span> 
     </span>
     <span class='ocr_line' id='line_1_31' title="bbox 769 4549 1318 4635; baseline 0.005 -24"><span class='ocrx_word' id='word_1_162' title='bbox 769 4549 1142 4635; x_wconf 49' lang='lat' dir='ltr'>Legendum</span> <span class='ocrx_word' id='word_1_163' title='bbox 1189 4555 1318 4614; x_wconf 85' lang='lat' dir='ltr'>est:</span> 
     </span>
     <span class='ocr_line' id='line_1_32' title="bbox 2085 4656 2885 4723; baseline -0.003 -1"><span class='ocrx_word' id='word_1_164' title='bbox 2085 4662 2147 4722; x_wconf 88' lang='lat' dir='ltr'>et</span> <span class='ocrx_word' id='word_1_165' title='bbox 2191 4659 2262 4723; x_wconf 85' lang='lat' dir='ltr'>Vi</span> <span class='ocrx_word' id='word_1_166' title='bbox 2308 4679 2517 4720; x_wconf 69' lang='lat' dir='ltr'>rursus</span> <span class='ocrx_word' id='word_1_167' title='bbox 2561 4659 2629 4720; x_wconf 90' lang='lat' dir='ltr'>in</span> <span class='ocrx_word' id='word_1_168' title='bbox 2678 4656 2885 4722; x_wconf 85' lang='lat' dir='ltr'>altum</span> 
     </span>
     <span class='ocr_line' id='line_1_33' title="bbox 869 4761 1282 4827; baseline 0 0"><span class='ocrx_word' id='word_1_169' title='bbox 869 4761 1015 4827; x_wconf 70' lang='lat' dir='ltr'>Vela</span> <span class='ocrx_word' id='word_1_170' title='bbox 1062 4769 1282 4827; x_wconf 79' lang='lat' dir='ltr'>vocent.</span> 
     </span>
    </p>
   </div>
  </div>
 </body>
</html>
