3350 5417
688 650 731 694 Χ
1648 653 2092 702 IN'I'BODUC'I'IO.

686 836 813 880 una
857 823 1070 881 tamen
1116 839 1183 884 re
1231 819 1607 885 dissentiens
1656 820 1735 885 ab
1782 818 1945 895 illis;
1999 820 2285 903 quaestio
2326 820 2500 883 enim
2538 819 2693 884 haec
2732 824 2864 897 est,
2909 821 3086 884 sitne

684 921 1105 1006 Apollodorus
1159 927 1295 1009 ipse
1342 931 1562 990 auctor
1608 924 1930 990 habendus
1977 925 2209 988 harum
2256 927 2617 988 orationum
2662 945 2743 989 an
2790 946 2917 989 non
2967 928 3080 989 sit.

683 1027 980 1093 831133131-
1037 1051 1145 1115 pg.
1218 1029 1343 1094 192
1381 1052 1470 1116 sq.
1521 1034 1698 1095 nisus
1754 1029 1937 1094 Dem.
1987 1028 2286 1093 XXXVI.
2341 1027 2425 1093 53
2451 1051 2583 1115 sqq.
2633 1034 2819 1115 (quae
2868 1032 3081 1095 oratio

682 1132 901 1199 habita
947 1140 1045 1198 est
1091 1135 1187 1199 Ol.
1240 1133 1433 1201 107:1
1476 1135 1663 1216 (352)
1682 1142 1727 1212 ),
1774 1136 1886 1199 ubi
1930 1134 2390 1200 Demosthenes
2431 1135 2706 1200 ostendit
2730 1134 3076 1220 Apollodo-

683 1259 829 1302 rum
887 1247 950 1302 et
999 1243 1067 1304 in
1115 1243 1322 1305 causis
1368 1244 1637 1326 privatis
1684 1248 1748 1305 et
1793 1244 1861 1304 in
1909 1239 2184 1326 publicis
2231 1246 2512 1304 actorem
2558 1241 2785 1319 fuisse,
2836 1244 3078 1305 conicit

682 1344 850 1408 1111113
895 1348 1112 1429 ipsum
1158 1367 1291 1410 esse
1339 1349 1639 1411 orationis
1685 1348 1755 1409 in
1801 1343 2131 1432 Polyclem
2167 1351 2490 1410 auctorem
2510 1393 2526 1421 ,
2567 1345 2825 1410 afferens
2862 1348 3074 1409 etiam

678 1448 905 1515 XLVI.
983 1447 1099 1515 1¹7:
1171 1447 1312 1515 εἶτα
1383 1451 1445 1515 δὲ
1519 1451 1635 1516 οὐδ’
1701 1439 1934 1535 {Mamur
2009 1451 2119 1522 ἐμὲ
2181 1448 2332 1514 οὕτω
2383 1451 2566 1515 δεινὸν
2613 1447 2855 1515 ἔσεσθαι
2904 1447 3071 1515 ὥστε

679 1559 889 1618 ταῦτα
951 1556 1218 1634 ἀκριβῶς
1285 1556 1577 1633 ἐξετάσαι
1600 1605 1615 1634 ,
1685 1556 1919 1641 quibus
1964 1556 2177 1620 verbis
2224 1558 2523 1640 peritiam
2571 1576 2754 1620 suam
2799 1554 3076 1641 gloriari

680 1657 1149 1743 Apollodorum
1209 1665 1431 1744 putat,
1497 1666 1562 1725 et
1624 1660 1794 1724 LIX.
1866 1658 1947 1723 14
1984 1681 2076 1744 sq.
2140 1660 2252 1725 ubi
2313 1658 2776 1725 Theomnestus
2839 1669 3071 1746 rogat,

675 1763 943 1829 liceatne
992 1766 1114 1830 sibi
1157 1765 1620 1850 Apollodorum
1666 1774 2011 1851 patronum
2057 1786 2281 1830 vocare
2331 1766 2412 1831 ob
2459 1767 2767 1830 maiorem
2815 1765 3071 1829 dicendi

679 1872 995 1954 peritiam.
1046 1870 1212 1958 Sigg
1249 1892 1358 1957 pg.
1411 1870 1542 1937 432
1590 1875 1658 1936 in
1706 1871 1928 1936 eadem
1973 1876 2101 1935 stat
2147 1861 2460 1936 sententia
2499 1877 2565 1936 et
2602 1872 2844 1935 iudicat
2866 1872 3070 1935 hanc:

683 1977 864 2051 „eine
926 1977 1153 2041 hochst
1216 1976 1778 2042 wahrscheinliche
1824 1983 2242 2061 vermutung.
2291 1976 2474 2040 Denn
2521 1997 2703 2040 wenn
2748 1976 2955 2040 dieser
2997 1977 3072 2039 in

679 2081 788 2145 der
850 2082 997 2146 rede
1058 2104 1271 2169 333311
1332 2082 1574 2149 Neaera
1635 2083 1741 2147 fiir
1785 2082 2011 2147 andere
2029 2130 2046 2160 ,
2098 2104 2280 2147 wenn
2327 2083 2489 2147 auch
2536 2083 2676 2146 ihm
2721 2083 2882 2146 nahe
2928 2102 3074 2146 ver-

679 2187 927 2252 wandte
986 2209 1295 2273 personen
1355 2189 1643 2266 auftritt,
1708 2210 1778 2253 so
1825 2189 1938 2252 hat
1983 2209 2049 2252 es
2096 2187 2257 2252 doch
2312 2188 2589 2253 offenbar
2635 2208 2759 2251 nur
2803 2187 3067 2251 recht-en

678 2296 855 2370 sinn,
906 2315 1090 2358 wenn
1150 2315 1218 2358 er
1271 2315 1338 2358 es
1384 2297 1508 2358 mit
1554 2294 2095 2359 selbstverfasster
2135 2294 2281 2358 rede
2322 2293 2491 2371 tut’'‚
2536 2298 2602 2358 et
2644 2292 2834 2378 paulo
2878 2299 3063 2379 post:

681 2398 1016 2476 „Nehmen
1078 2402 1195 2464 wir
1256 2400 1404 2464 aber
1465 2420 1578 2477 an,
1627 2398 1973 2484 Apollodor
2019 2398 2179 2464 habe
2227 2399 2326 2462 die
2375 2399 2521 2463 rede
2566 2420 2775 2485 gegen
2821 2398 3070 2463 Neaera

674 2505 1086 2590 geschrieben
1106 2553 1121 2582 ,
1184 2526 1252 2569 so
1310 2507 1396 2568 ist
1459 2506 1662 2569 damit
1723 2507 1893 2568 scine
1956 2504 2343 2568 autorschast
2406 2503 2517 2568 der
2562 2505 2834 2590 iibrigen
2881 2503 3066 2568 sechs

673 2610 863 2674 reden
910 2610 1275 2674 erwiesen''.

764 2715 945 2780 Blass
1006 2737 1116 2801 pg.
1171 2714 1529 2781 482—484
1578 2717 1733 2781 haec
1780 2717 2168 2801 impugnans
2217 2715 2577 2793 contendit,
2627 2715 2857 2779 iisdem
2901 2714 3063 2779 locis

672 2823 850 2884 nisus
904 2841 975 2885 ac
1037 2820 1333 2886 Schaefer
1378 2826 1443 2886 et
1490 2820 1689 2907 Sigg,
1738 2819 2214 2907 logographum
2260 2820 2542 2905 aliquem
2586 2822 2700 2886 has
2746 2823 3065 2885 orationes

674 2928 997 3010 scripsisse
1038 2925 1439 3011 Apollodoro.
1482 2927 1640 2991 Eius
1673 2933 2057 3013 argumenta
2082 2932 2232 2990 sunt
2254 2926 2439 2991 haec:
2484 2924 2785 2990 XXXVI.
2813 2925 2898 2990 53
2924 2947 3061 3011 sqq.

672 3030 1136 3096 Demosthenes
1199 3032 1461 3117 quidem
1508 3033 1786 3097 ostendit
1833 3031 2292 3117 Apollodorum
2340 3033 2538 3097 fuisse
2585 3038 2862 3097 actorem
2882 3080 2899 3110 ,
2949 3032 3061 3097 sed

674 3140 734 3202 ei
802 3159 926 3203 non
995 3139 1190 3203 obicit
1259 3141 1778 3204 excercitationes
1849 3139 2230 3215 rhetoricas,
2294 3138 2462 3223 quod
2524 3159 2676 3202 eum
2735 3138 3060 3202 facturum

671 3243 865 3308 fuisse
934 3266 1047 3329 pro
1120 3250 1290 3309 certo
1359 3246 1584 3321 habet,
1659 3247 1716 3308 si
1787 3243 2020 3309 talibus
2089 3244 2319 3308 studiis
2387 3244 2783 3308 incubuisset
2803 3291 2819 3320 ,
2891 3243 3059 3328 quod

675 3355 894 3414 autem
954 3355 1256 3434 patronus
1317 3351 1512 3414 fuerit
1560 3348 2002 3426 Theomnesti,
2053 3350 2175 3414 1103
2220 3348 2385 3413 nihil
2429 3351 2520 3413 ait
2567 3349 2859 3434 probare,
2909 3369 3058 3413 nam

675 3458 871 3520 etiam
932 3455 1103 3540 apud
1162 3456 1318 3521 alios
1383 3462 1661 3521 oratores
1724 3455 1881 3520 tales
1930 3455 2220 3541 epilogos
2266 3457 2578 3532 inveniri,
2631 3460 2696 3520 et
2742 3476 2844 3533 ea,
2896 3475 3060 3539 quae

673 3559 955 3646 legimus
1002 3560 1230 3625 XLVI.
1283 3559 1363 3628 1¹7
1407 3564 1603 3627 etiam
1643 3561 1763 3626 hoc
1803 3562 1991 3626 modo
2027 3583 2209 3646 posse
2248 3560 2585 3646 explicari,
2627 3566 2703 3625 ut
2726 3581 3058 3626 sumamus

675 3665 1139 3751 Apollodorum
1204 3689 1271 3732 re
1335 3689 1487 3733 vera
1548 3671 1641 3732 rei
1705 3669 1969 3733 forensis
2027 3670 2409 3752 imperitum
2474 3668 2670 3731 fuisse
2734 3672 2799 3733 et
2852 3686 3059 3731 neces-

674 3775 860 3837 sitate
938 3776 1227 3837 coactum
1316 3774 1470 3839 haec
1557 3776 1998 3859 investigasse.
2070 3773 2241 3838 Mihi
2304 3779 2712 3859 argumenta,
2778 3793 2815 3836 a
2875 3770 3056 3836 Blass

672 3876 902 3955 allata,
953 3876 1287 3942 subtiliora
1348 3900 1543 3963 quam
1605 3882 1854 3944 veriora
1896 3900 2031 3944 esse
2079 3879 2398 3957 videntur,
2448 3884 2512 3943 et
2557 3898 2719 3963 quae
2764 3877 3058 3942 Schaefer

676 3985 944 4048 coniecit
1011 3984 1469 4068 probabiliora,
1545 3985 1652 4049 sed
1724 3985 1929 4050 adhuc
1990 3985 2106 4049 sub
2159 3985 2368 4049 iudice
2412 3983 2495 4048 lis
2544 3989 2642 4048 est
2687 3989 2752 4048 et
2797 3984 3059 4048 fortasse

669 4089 967 4155 manebit.

1822 4302 1904 4366 ΙΙ.

761 4514 1052 4599 Agamus
1113 4535 1280 4578 nunc
1346 4515 1421 4580 de
1485 4515 1859 4579 muneribus
1922 4514 2435 4579 extraordinariis
2454 4562 2471 4592 ,
2522 4516 2753 4600 quibus
2799 4518 3057 4580 nomina

670 4624 821 4683 sunt
867 4620 1235 4698 προεισφορά
1285 4626 1349 4684 et
1396 4624 1782 4700 τριηραρχία.

761 4725 861 4788 Ab
909 4726 1373 4811 antiquissimis
1419 4726 1564 4790 inde
1613 4726 2008 4811 temporibus
2055 4727 2123 4788 in
2162 4746 2229 4788 re
2269 4723 2524 4809 publica
2561 4726 3049 4791 Atheniensium
