3350 5417
1795 560 1880 625 38

642 744 720 811 ὥς
782 740 1165 821 Τιμόμαχον
1229 743 1330 805 τὸν
1391 743 1729 819 κηδεστήν,
1777 744 1855 812 ἀς
1920 741 2066 817 ἐγὼ·
2116 736 2235 818 ἔφη
2304 736 2652 812 ’πέπυσμαι
2720 742 2838 801 τῶν
2897 735 3079 799 παί-

644 846 755 911 δων
802 853 919 911 τῶν
964 847 1364 914 Καλλίππου.
1415 848 1490 911 σὺ
1539 845 1672 926 οὖν,
1725 848 1831 914 ε’ἀν
1874 852 2218 928 σωφρονῇς,
2263 842 2474 909 οὐδένα
2514 850 2630 908 τῶν
2670 841 3076 921 Φευγόντων

547 974 611 1020 49
644 952 846 1024 ἐάσεις
915 953 1013 1017 ἐπὶ
1077 954 1186 1026 τὴν
1250 959 1396 1019 ναῦν
1456 954 1842 1032 ἀναβαίνειν·
1893 955 1958 1017 οὐ
2007 953 2133 1032 γαρ
2185 952 2352 1015 ἐῶσιν
2399 952 2450 1015 οἱ
2497 948 2710 1025 νόμοι.’
2759 947 3077 1018 ἀκούσας

645 1058 697 1123 δ’
746 1060 866 1136 ἐγὼ
929 1063 1137 1124 ταῦτα
1197 1065 1307 1124 τοῦ
1373 1061 1793 1133 Καλλικλέους
1862 1060 2281 1139 προσέρχομαι
2342 1057 2426 1135 τῷ
2477 1055 2873 1135 Καλλίππῳ,
2939 1052 3073 1118 καὶ

646 1165 836 1244 ἐρωτῶ
900 1165 1083 1229 αὐτὸν
1146 1162 1276 1230 ὅποι
1336 1190 1406 1229 τε
1459 1166 1561 1229 τὸν
1608 1169 1805 1231 πλοῦν
1855 1173 2122 1229 ποιεῖται
2173 1165 2276 1227 καὶ
2331 1163 2430 1226 ἐπὶ
2481 1164 2644 1227 τίνα.
2696 1157 3079 1240 διαχλευά-

644 1293 860 1341 σαντος
913 1270 965 1334 δ’
1013 1272 1204 1336 αὐτοῦ
1256 1295 1338 1348 με
1389 1271 1492 1335 καὶ
1541 1273 1997 1346 ἀπειλήσαντος
2050 1265 2094 1335 ἀ
2143 1268 2265 1333 οὐδ’
2315 1266 2391 1333 ἂν
2440 1267 2614 1343 ὑμεῖς
2656 1267 3076 1344 ἀγνοήσαιτε

645 1379 776 1454 (τοῦ
841 1374 967 1456 γὰρ
1029 1376 1251 1456 τρόπον
1313 1381 1419 1440 τοῦ
1485 1378 1863 1442 Καλλίππου
1921 1376 2025 1439 οὐκ
2078 1376 2338 1452 ἀπείρως
2391 1370 2604 1453 ἔχετε)
2650 1372 2817 1450 λέγω
2866 1372 3073 1451 αὐτῷ

644 1474 735 1543 ὅτι
806 1480 1003 1545 ἀκούω
1077 1506 1147 1545 σε
1211 1490 1389 1546 πλεῖν
1452 1482 1550 1545 ἐπὶ
1621 1484 2114 1560 Καλλίστρατον.
2183 1481 2304 1555 ἐγὼ
2361 1472 2459 1543 οὖν
2506 1481 2624 1543 τῶν
2670 1478 3068 1558 φευγόντων
3107 1477 3258 1526 1222

639 1585 846 1650 οὐδένα
915 1584 1082 1664 ἄξω,
1144 1588 1276 1652 οὐδὲ
1342 1588 1699 1663 πλεύσομαι
1771 1589 1871 1652 ἐπ’
1933 1586 2147 1652 αὐτόν·
2212 1587 2262 1649 οἱ
2312 1585 2437 1664 γὰρ
2496 1584 2659 1662 νόμοι
2707 1587 2814 1649 οὐκ
2864 1585 3068 1648 ἐῶσιν

644 1690 1054 1771 ὑποδέχεσθαι
1116 1701 1232 1758 τῶν
1295 1693 1656 1774 Φευγόντων
1720 1692 1965 1769 οὐδένα,
2036 1692 2069 1768 ἢ
2122 1693 2183 1756 ἐν
2244 1699 2369 1762 τοῖς
2432 1691 2640 1761 αὐτοῖς
2692 1689 3073 1754 κελεύουσιν

647 1798 962 1877 ἐνέχεσθαι
1035 1800 1136 1863 τὸν
1205 1800 1650 1881 ὑποδεχόμενον
1722 1799 1861 1871 τοὺς
1936 1798 2317 1875 Φεύγοντας.
2386 1796 2876 1871 ἀποπλεύσομαι
2948 1790 3069 1859 οὖν

551 1927 612 1975 50
650 1905 842 1969 πάλιν
879 1907 953 1978 ὥς
998 1907 1097 1969 τὸν
1139 1908 1487 1984 στρατηγὸν
1526 1909 1611 1976 εἷς
1655 1906 1904 1971 Θάσον.”
1948 1905 2052 1969 καὶ
2094 1905 2301 1976 ἐπειδὴ
2346 1902 2645 1980 ἐνέβησαν
2695 1902 2745 1966 οἱ
2773 1906 3060 1978 ναῦται,

649 2011 813 2087 λέγω
876 2014 958 2087 τῷ
1020 2010 1354 2093 κυβερνήτῃ
1403 2013 1713 2077 ἀποπλεῖν
1762 2012 1844 2083 εἷς
1897 2012 2005 2085 τὴν
2058 2010 2283 2075 Θάσον.
2335 2007 2765 2085 ἀντιλέγοντος
2818 2006 2882 2071 δὲ
2932 2011 3062 2071 τοῦ

651 2116 1027 2182 Καλλίππου
1075 2118 1178 2182 καὶ
1220 2119 1568 2188 κελεύοντος
1611 2125 1792 2183 πλεῖν
1834 2118 1918 2189 εἰς
1963 2117 2071 2190 τὴν
2114 2113 2527 2197 Μακεδονίαν,
2568 2107 2628 2177 οἷ
2662 2110 3062 2190 προσέταξεν

652 2224 679 2287 ὖ
743 2223 1126 2302 στρατηγός,
1199 2224 1592 2303 ἀποκρίνεται
1669 2224 1838 2301 αὐτῷ
1914 2223 2322 2291 Ποσείδιππος
2377 2220 2405 2284 ὃ
2469 2218 2882 2297 κυβερνήτης,
2951 2214 3059 2282 ὅτι

652 2331 1011 2412 τριήραρχός
1077 2355 1147 2393 τε
1211 2331 1331 2408 ἐγὼ
1400 2338 1509 2406 τῆς
1577 2332 1715 2401 νεὼς
1783 2328 1905 2404 εἴην
1972 2328 2075 2392 καὶ
2129 2327 2472 2405 ὑπεύθυνος,
2522 2326 2626 2390 καὶ
2678 2324 2778 2389 τὸν
2827 2324 3064 2400 μισθὸν

654 2441 799 2515 παρ’
866 2436 1014 2513 ἐμοῦ
1069 2435 1412 2513 λαμβάνοι·
1462 2435 1787 2501 πλεύσοιτο
1845 2431 1941 2500 οὖν
1991 2428 2050 2498 οἵ
2090 2434 2211 2509 ἐγὼ
2260 2433 2527 2516 κελεύω,
2576 2432 2659 2502 είς
2706 2431 2916 2495 Θάσον
2966 2430 3057 2503 ὥς

725 2619 828 2679 §50
866 2615 1160 2679 τριήραρχός
1192 2618 1276 2682 τε]
1310 2634 1370 2665 τε
1408 2634 1504 2667 0111.
1540 2618 1586 2667 S.
1609 2645 1673 2657 —
1692 2613 1744 2665 οἳ
1774 2633 1919 2681 supra
1955 2633 1997 2666 v.
2019 2634 2064 2665 a.
2082 2634 2148 2665 m.
2183 2632 2257 2681 pr.
2287 2616 2333 2665 S.
2353 2614 2512 2672 -εἷς
2542 2614 2649 2663 θασ.
2674 2614 2738 2671 ὡς
2755 2614 2841 2662 τὸν
2860 2631 3059 2674 στρατ.

661 2699 869 2747 ‘amiticia
903 2715 1004 2747 esse
1039 2700 1312 2763 suspicatur
1347 2717 1393 2748 v.
1429 2700 1722 2749 Herwerden
1757 2701 1911 2765 petita
1946 2716 2001 2748 ex
2039 2701 2162 2761 §49.
2199 2699 2383 2747 Mnem.
2419 2697 2563 2749 1875.

661 2855 809 2904 ¹'fhasi
837 2857 1011 2920 degens
1043 2857 1355 2905 Callistratus
1381 2858 1553 2908 incolis
1570 2858 1814 2924 persuasit

661 2938 900 2987 v-quniam
930 2939 1122 2987 mittere
1151 2939 1334 2987 Datum
1358 2940 1409 2988 in
1429 2940 1628 2989 adverso
1647 2941 1814 2990 littore

665 3023 837 3079 ι11ιί11111,
888 3019 939 3068 in
991 3021 1184 3083 regione
1243 3021 1466 3070 omnibus
1520 3024 1659 3071 bonis
1711 3029 1813 3072 tam

665 3104 894 3167 tumulenta
931 3109 986 3151 ut
1022 3102 1268 3161 „Thasum
1303 3105 1571 3153 bonorum’'
1601 3106 1818 3170 appella-

669 3195 764 3245 rnt,
835 3185 962 3234 unde
1032 3186 1340 3249 proverbium
1408 3188 1681 3236 derivatum
1744 3194 1816 3236 est

673 3265 866 3323 ΙῚΘάσος
900 3266 1149 3328 ἀγαθῶν”.
1187 3264 1272 3316 ἐπὶ
1305 3274 1402 3316 τῶν
1433 3267 1701 3329 εὐδαίμονα
1731 3269 1816 3318 καὶ

669 3349 890 3409 ,λαμπρὸν
924 3346 1193 3413 ἀποδεῖξαί
1214 3367 1328 3398 τινα
1359 3346 1815 3412 ἐπαγγελλομένων

669 3431 693 3483 ἡ
733 3432 970 3491 παροιμία
1009 3429 1148 3478 ἐστίν
1187 3433 1246 3480 cf.
1285 3433 1459 3481 Zenob.
1496 3433 1582 3481 IV.
1619 3433 1700 3492 34,
1730 3434 1818 3481 alii

673 3511 866 3571 „sisoim-oe,-
901 3511 1131 3573 ἀγαθῶν”
1162 3515 1473 3578 proverbium
1505 3515 1670 3564 edunt.
1699 3516 1818 3564 Mox

673 3607 828 3644 tamen
875 3596 953 3645 Ol.
1003 3598 1112 3645 106.
1153 3598 1177 3644 1
1230 3596 1364 3657 (356)
1403 3597 1523 3645 haec
1561 3597 1753 3645 colonia
1791 3616 1819 3646 a

677 3679 897 3743 Philippo
917 3718 929 3737 ,
991 3695 1100 3742 rege
1162 3679 1510 3739 Macedonum,
1563 3696 1820 3744 suppressa

673 3771 768 3820 rant,
816 3778 924 3809 cum
964 3761 1146 3809 multos
1182 3762 1366 3810 incolas
1401 3762 1677 3811 deduxisset
1710 3762 1821 3811 Phi-

673 3847 826 3907 lippos
843 3882 856 3902 ,
887 3844 938 3891 in
968 3860 1144 3892 novam
1173 3845 1340 3893 urbem
1360 3862 1389 3892 a
1408 3862 1457 3893 sc
1477 3845 1738 3893 conditam.
1759 3848 1818 3894 cf.

673 3931 725 3975 11.
761 3926 986 3975 Schaefer
1018 3926 1157 3977 Dem.
1192 3927 1267 3985 1²,
1306 3927 1400 3975 135
1440 3926 1520 3974 11²
1565 3927 1644 3977 26.
1684 3927 1820 3976 Curt.

669 4011 748 4056 [ἦν.
788 4008 962 4057 Gesch.
1000 4008 1097 4057 III.
1133 4008 1233 4057 424
1249 4026 1350 4073 sqq.

737 4106 802 4145 κη
826 4088 889 4137 δε
906 4088 1029 4145 στή
1047 4091 1092 4155 ν]
1132 4091 1234 4140 11.1.
1269 4092 1469 4155 affinem.

737 4173 852 4231 §49
922 4168 1517 4233 διαχλευάσαντος
1585 4170 1820 4238 αὐτοῦ]

673 4251 831 4314 Ξιαχ
851 4251 1110 4317 λευάζω
1158 4255 1513 4315 (tantummodo
1573 4254 1622 4303 h.
1657 4254 1693 4302 l.
1754 4253 1824 4302 in-

673 4334 863 4383 venitur
925 4335 1016 4383 hoc
1083 4337 1422 4399 compositum)
1475 4342 1521 4385 et
1572 4333 1785 4400 χλευάζ
1786 4354 1821 4384 ω

673 4415 871 4471 [XLVII
934 4417 1026 4475 34,
1085 4417 1181 4465 VII
1236 4417 1283 4477 7,
1330 4418 1442 4465 XIX
1492 4418 1571 4477 23,
1618 4416 1730 4465 LIV
1776 4420 1823 4479 4)

677 4498 947 4563 &ignificant
975 4499 1210 4548 insultare
1227 4501 1390 4559 alicui,
1412 4498 1577 4563 χλεύη
1597 4504 1825 4549 contume-

677 4583 760 4640 ἐὲιι,
780 4582 1020 4644 probrum,
1050 4580 1619 4646 προσεκχλευάζω
1648 4581 1824 4640 XXIV,

1893 2860 1952 2907 de
2013 2875 2102 2906 usu
2158 2856 2303 2906 huius
2366 2857 2500 2905 verbi
2553 2856 2781 2920 Lortzing
2830 2872 2912 2919 pg.
2969 2858 3064 2905 56.

1957 2939 1992 2989 ἃ
2044 2938 2174 2988 οὐδ’
2230 2938 2302 2987 ἂν
2357 2937 2550 2998 ὑμεῖς
2601 2935 2930 3001 ἀγνοήσαι
2952 2939 3061 3003 τε]

1890 3023 2058 3072 litotes
2093 3024 2155 3071 cf.
2194 3021 2255 3070 ad
2292 3026 2313 3082 §
2334 3021 2411 3069 13.

1959 3106 2021 3152 οἱ
2059 3105 2184 3165 γὰρ
2221 3104 2405 3164 νόμοι
2442 3100 2554 3150 οὐκ
2591 3099 2780 3151 ὲῶσιν
2817 3100 3087 3151 ἀποδέ-“

1892 3184 2261 3250 χεσθαι-ἰὶ
2295 3184 2354 3233 ὲν
2387 3185 2530 3241 τοῖς
2559 3182 2929 3247 αὐτοῖς(3011.
2949 3181 3066 3234 ἔπι-

1894 3269 2097 3330 τιμίοις)
2126 3264 2515 3315 κελεύουσιν
2552 3264 2900 3328 ἐνέχεσθαι
2938 3270 3018 3316 τὸ
3037 3286 3061 3316 ν

1898 3342 2390 3411 ὑποδεχόμενον
2438 3349 2593 3405 τοὺς
2646 3346 3060 3417 φεύγοντας]

1895 3434 2026 3482 Bene
2073 3434 2297 3482 observat
2342 3432 2571 3495 Lortzing
2618 3448 2698 3496 pg.
2736 3431 2797 3480 38
2822 3448 2892 3495 sq.
2930 3433 3061 3482 haec

1896 3517 2042 3564 verba
2090 3515 2215 3562 inter
2263 3530 2313 3561 se
2360 3530 2457 3562 non
2503 3514 2753 3563 concinere
2767 3553 2779 3573 ,
2827 3515 2910 3563 sed
2945 3532 3062 3580 pos-

1897 3605 2051 3647 trema
2108 3596 2375 3645 omittenda
2422 3597 2569 3645 fuisse
2617 3596 2658 3645 si
2706 3602 2869 3645 orator
2917 3605 3058 3646 recta

1898 3679 2218 3729 disiunctione
2252 3679 2326 3726 uti
2356 3679 2603 3727 voluisset.
2641 3680 2699 3727 cf.
2737 3678 3050 3728 Volkmann²

1898 3780 1978 3827 pg.
2013 3762 2075 3813 47
2081 3763 2127 3821 8,
2163 3762 2338 3809 Straub
2374 3777 2454 3825 pg.
2492 3761 2583 3809 121
2623 3761 2683 3810 de
2718 3762 2810 3810 hac
2843 3763 3018 3825 figura.

1966 3841 2322 3904 ἐνέχεσθαι
2360 3839 2421 3890 ἐν
2458 3844 2600 3899 τοῖς
2636 3841 2886 3907 αὐτοῖς]
2919 3861 3060 3908 prae·

1898 3925 2076 3989 positio
2122 3925 2327 3973 iteratur
2377 3925 2526 3973 etiam
2570 3924 2711 3974 Dem.
2747 3924 2933 3974 XXIII.
2974 3927 3061 3986 38,

1898 4008 2044 4071 vulgo
2079 4004 2337 4067 ἐνέχεσθαι
2371 4012 2419 4054 ct
2450 4004 2628 4067 ’ἔνοχος
2663 4006 2827 4055 dativo
2867 4023 3060 4070 poenae

1898 4096 1947 4139 et
1999 4088 2210 4153 genitivo
2275 4088 2489 4137 criminis
2553 4087 2771 4151 iungitur
2821 4089 2883 4137 cf.
2934 4089 3055 4153 Lye.

1901 4171 2032 4221 XIV.
2062 4169 2109 4230 7,
2145 4171 2285 4220 Dem.
2321 4170 2451 4220 XIX.
2488 4170 2601 4229 201,
2636 4171 2820 4219 XXIII.
2855 4171 2936 4230 41,
2972 4172 3061 4222 LI.

1902 4256 1948 4303 4.
1981 4254 2060 4302 11.

1970 4339 1990 4397 §
2014 4336 2074 4383 50
2112 4334 2139 4381 ὑ
2153 4352 2192 4383 π
2206 4351 2228 4382 ε
2245 4332 2273 4381 ύ
2288 4333 2309 4383 θ
2324 4351 2351 4381 υ
2364 4352 2386 4381 ν
2403 4352 2426 4383 ο
2442 4336 2487 4399 ς]
2519 4351 2689 4399 nempe
2719 4334 2846 4399 apud
2878 4344 3063 4396 λογισ-

1903 4415 1998 4473 τάς
2043 4422 2092 4465 et
2138 4414 2450 4477 ἐπιμελητὰς
2495 4423 2591 4465 τῶν
2640 4416 2833 4476 νεωρίων
2881 4417 2944 4465 cf.
2981 4418 3062 4467 In·

1903 4499 2223 4548 troductionis
2259 4515 2335 4563 pg.
2373 4512 2464 4546 xlv
2500 4504 2548 4547 et
2583 4498 2645 4547 ad
2682 4501 2703 4560 §
2724 4498 2802 4546 36.

1971 4578 2337 4629 πλεύσοιτο
2388 4575 2491 4627 οὖν
2531 4576 2593 4628 οῖ
2624 4576 2745 4641 ἐγὼ
2782 4579 3058 4647 κελεύω]

681 4663 737 4711 15
775 4663 859 4711 ubi
895 4679 939 4712 v.
976 4664 1265 4713 Herwerden
1315 4662 1716 4728 προσχλευάζω,
1764 4666 1823 4713 cf.
1863 4641 1867 4709 Ι
1907 4664 1964 4713 de
2000 4664 2093 4712 hoc
2129 4663 2347 4728 optativo
2384 4665 2444 4712 cf.
2482 4663 2544 4712 ad
2580 4664 2698 4723 §44
