3350 5417
1292 608 1717 658 m'l'RODUO'no
1727 639 1740 656 .
2595 610 2714 657 xm

312 777 509 856 illud,
583 780 693 843 cui
782 798 1017 842 nomen
1102 775 1509 855 τριηραρχία,
1582 797 1745 861 quae
1813 777 2140 841 constabat
2208 778 2578 842 triremibus
2648 783 2714 843 et

313 884 834 969 quadriremibus
919 882 1312 947 instruendis
1398 883 1923 969 apparandisque.
2013 882 2151 947 Iam
2221 887 2366 948 ante
2434 890 2713 949 aetatem

311 989 557 1056 Solonis
606 989 892 1077 singulis
931 990 1277 1054 naucrariis
1296 1037 1311 1066 ,
1354 1009 1628 1083 quarum
1669 1009 1977 1054 numerus
2028 988 2184 1053 olim
2225 988 2493 1054 XLVIII
2512 1038 2528 1066 ,
2570 994 2714 1074 post

312 1095 711 1163 Clisthenem
779 1096 859 1161 ad
920 1096 974 1160 L
1038 1101 1265 1161 auctus
1328 1101 1457 1173 est,
1520 1095 1899 1160 mandatum
1960 1117 2094 1160 esse
2158 1095 2415 1161 videtur
2483 1116 2711 1162 navem

310 1205 625 1268 instruere
656 1201 731 1283 ¹),
799 1207 865 1266 et
910 1202 1214 1288 praefecti
1262 1203 1745 1265 naucrariarum
1764 1250 1780 1279 ,
1828 1204 2120 1266 naucrari
2139 1251 2156 1279 ,
2207 1204 2335 1286 ipsi
2381 1204 2713 1267 trierarchi

307 1317 375 1374 et
410 1308 856 1374 Polemarchis
895 1308 1227 1373 inferiores
1267 1307 1461 1371 fuisse
1502 1307 1846 1372 creduntur
1871 1306 1944 1388 ⁵³).
1988 1307 2148 1371 Rem
2188 1308 2483 1373 navalem
2506 1312 2713 1395 igitur

306 1415 474 1500 apud
546 1415 974 1479 Athenienses
1038 1413 1142 1477 his
1204 1413 1604 1498 temporibus
1667 1434 1794 1477 non
1854 1415 2079 1498 magni
2141 1417 2452 1479 momenti
2515 1415 2711 1479 fuisse

308 1520 731 1585 manifestum
801 1525 901 1584 est
920 1566 936 1596 ‚
1002 1524 1067 1583 et
1130 1516 1541 1606 Thucydides
1606 1515 2090 1583 Corinthiorum
2150 1517 2399 1605 legatos
2460 1519 2713 1585 disertis

306 1626 519 1691 verbis
564 1627 690 1691 hoc
735 1625 891 1690 facit
936 1624 1322 1689 affirmantes
1351 1626 1423 1704 8).
1473 1622 1686 1703 Quam
1733 1645 1868 1688 rem
1919 1622 2378 1689 Themistocles
2426 1646 2713 1690 commu-

308 1735 506 1797 tavit:
558 1754 635 1797 eo
682 1734 859 1797 enim
905 1736 1162 1796 auctore
1208 1729 1485 1816 populus
1533 1729 1817 1794 reditum
1856 1751 1935 1794 ex
1972 1731 2456 1816 argentifodinis
2495 1753 2716 1817 paran-

306 1836 421 1901 dae
466 1836 658 1902 classi
696 1836 1045 1901 destinavit
1072 1837 1146 1916 ⁴),
1193 1841 1454 1900 centum
1494 1834 1735 1899 talenta
1771 1841 2000 1901 mutua
2040 1836 2352 1900 dabantur
2376 1838 2712 1902 ditissimis

306 1944 561 2008 civibus
578 1991 595 2019 ‚
658 1945 772 2028 qui
832 1946 1129 2006 centenas
1182 1962 1375 2007 naves
1440 1939 1862 2006 aedificarent.
1926 1943 2026 2006 Ex
2070 1941 2184 2007 illo
2225 1948 2513 2028 tempore
2562 1965 2715 2029 quo-

310 2051 519 2113 tannis
582 2050 857 2133 strategi
919 2067 998 2110 ex
1057 2046 1584 2133 locupletissimis
1649 2048 1898 2111 civibus
1946 2053 2011 2112 et
2055 2047 2391 2131 inquilinis
2409 2096 2425 2126 ‚
2477 2051 2710 2133 quibus

310 2175 546 2219 nomen
594 2159 736 2219 erat
783 2154 1079 2225 ἰσοτελεῒς
1107 2159 1180 2233 ⁵),
1231 2174 1575 2218 numerum
1621 2155 2047 2218 necessarium
2095 2152 2449 2238 eligebant,
2479 2155 2710 2239 quibus

312 2259 590 2346 singulis
640 2280 721 2323 ex
769 2264 1027 2323 senatus
1075 2258 1364 2324 consulto
1392 2259 1445 2338 ⁶)
1497 2260 1679 2323 navis
1726 2260 2098 2324 instruenda
2144 2259 2598 2345 adsignabatur
2646 2265 2711 2323 et

310 2364 609 2451 regenda.
677 2365 908 2428 Aetate
969 2385 1119 2429 vero
1181 2363 1628 2448 Xenophontis
1684 2363 1788 2428 hic
1849 2386 2155 2430 numerus
2204 2367 2438 2429 sensim
2485 2371 2710 2430 auctus

312 2479 451 2536 erat
499 2471 579 2535 ad
624 2469 1130 2556 quadringentos
1178 2471 1308 2534 fere
1357 2470 1738 2534 trierarchos
1764 2470 1837 2550 7).

404 2575 650 2641 Alveus
721 2577 905 2640 navis
978 2597 1012 2640 e
1074 2574 1329 2660 publico
1399 2577 1892 2640 armamentario
1914 2623 1930 2653 ,
1997 2575 2312 2660 stipendia
2372 2577 2588 2639 nautis
2651 2584 2716 2640 et

316 2679 639 2745 militibus
710 2678 1049 2745 classiariis
1121 2701 1199 2744 ex
1267 2682 1509 2745 aerario
1580 2661 1927 2758 dabantur;
2001 2682 2312 2765 principio
2381 2680 2712 2745 trierarchi

312 2795 697 2871 apparatum
760 2784 1056 2850 navalem
1115 2787 1242 2871 ipsi
1303 2786 1789 2871 comparabant,
1849 2786 1958 2851 sed
2003 2787 2059 2849 is
2106 2792 2361 2871 postea,
2412 2808 2561 2851 cum
2608 2807 2708 2851 res

312 2895 528 2956 minus
568 2891 905 2968 florerent,
949 2912 1133 2976 saepe
1172 2911 1300 2955 una
1338 2913 1488 2955 cum
1528 2891 1711 2956 alveo
1745 2894 1929 2956 navis
1967 2891 2222 2977 publice
2246 2894 2706 2979 praestabatur,

313 3004 378 3062 et
424 2998 690 3061 tametsi
735 3016 811 3060 ea
857 3016 955 3060 res
1001 2998 1214 3081 magis
1259 2999 1597 3083 magisque
1641 3000 1710 3061 in
1759 3018 2007 3061 morem
2054 2998 2211 3062 abiit
2228 3046 2244 3074 ,
2287 2997 2706 3063 nihilominus

312 3105 565 3188 saepius
612 3104 787 3166 cives
805 3148 823 3178 ,
870 3101 1027 3166 bene
1074 3104 1307 3167 mereri
1354 3105 1680 3186 cupientes
1729 3102 1806 3167 de
1851 3105 2059 3188 patria
2080 3151 2094 3180 ,
2144 3106 2397 3187 privato
2440 3108 2708 3187 sumptu

313 3229 463 3273 eum
511 3206 1003 3291 comparabant,
1055 3206 1262 3292 qualis
1309 3207 1748 3273 munificentia
1796 3209 2261 3274 successoribus
2307 3211 2528 3274 minus
2574 3230 2712 3272 mu-

314 3315 519 3379 nificis
584 3312 775 3378 valde
838 3312 1241 3398 displicebat,
1309 3319 1385 3377 ut
1432 3313 1628 3377 huius
1678 3316 1982 3379 orationis
2030 3314 2257 3379 docent
2301 3316 2389 3398 §§
2417 3312 2703 3377 34—36.

404 3420 630 3485 Etiam
694 3425 919 3483 nautas
979 3424 1046 3483 et
1106 3421 1384 3504 remiges
1448 3420 1738 3485 mercede
1788 3420 2133 3485 conducere
2182 3420 2489 3486 debebant
2533 3422 2712 3484 trier-

314 3526 489 3590 archi
510 3574 529 3602 ,
581 3545 814 3589 navem
862 3524 941 3589 ad
984 3545 1244 3589 cursum
1295 3529 1512 3609 aptare
1560 3531 1624 3590 et
1670 3548 1785 3612 per
1830 3548 2071 3592 annum
2118 3529 2289 3591 tueri
2313 3527 2387 3611 ⁸).
2437 3526 2509 3591 si
2546 3546 2707 3590 anno

384 3726 433 3785 1)
467 3726 534 3773 cf.
570 3723 749 3772 Pollux
788 3724 925 3775 VIII.
967 3726 1081 3775 108.

384 3807 435 3868 2)
468 3807 533 3854 ef.
574 3805 765 3854 Bekker
801 3807 981 3856 Anecd.
1018 3807 1134 3866 283,
1170 3807 1259 3855 20:
1295 3804 1549 3868 ναῦκραροι
1585 3807 1638 3855 οἱ
1664 3808 1761 3865 τὰς
1797 3809 1911 3864 ναῦς
1944 3807 2413 3873 παρασκευάζοντες
2446 3807 2530 3856 καὶ
2560 3824 2713 3869 τριηρ-

316 3891 600 3951 αρχοῦντες
636 3887 723 3935 καὶ
754 3890 859 3945 τοῖς
894 3893 1252 3950 Πολεμάρχοις
1288 3886 1712 3950 ὑποτεταγμένοι.

387 3972 435 4030 3)
482 3972 546 4019 cf.
586 3970 623 4018 Ι.
660 3970 816 4018 4l.2:
855 3974 969 4017 νεῶν
1004 3971 1101 4032 γὰρ
1137 3974 1332 4031 μακρῶν
1369 3970 1711 4027 σπανίσαντές
1747 3988 1872 4020 ποτε
1907 3974 2024 4034 πρὸς
2059 3973 2145 4020 τόν
2181 3970 2456 4033 Αἰγινητῶν
2492 3971 2711 4029 πόλεμον

319 4052 418 4110 (01.
468 4051 548 4102 72.
596 4051 627 4098 2
670 4052 823 4112 (491))
869 4051 1005 4111 παρὰ
1052 4049 1297 4111 Κορινθίων
1345 4048 1502 4100 ἄπεσσι
1548 4053 1661 4108 ναῦς
1709 4050 1928 4112 ἐλάβετε
1978 4052 2062 4100 καὶ
2107 4050 2135 4105 ἦ
2186 4050 2446 4113 εὐεργεσία
2480 4049 2610 4107 αὕτη
2645 4079 2713 4090 --

320 4133 579 4195 παρέσχεν
619 4129 734 4192 ὑμῖν
771 4131 1048 4194 Αἰγινητῶν
1085 4130 1422 4193 ἐπικράτησιν,
1453 4129 1560 4180 κτὶ.

389 4219 438 4278 4)
469 4217 533 4264 ef.
570 4215 774 4264 Aristot.
814 4215 885 4264 De
920 4214 1173 4279 republica
1202 4214 1570 4264 Atheniensium
1603 4215 1679 4265 ed.
1708 4231 1754 4264 v.
1785 4215 2073 4265 Herwerden
2107 4221 2156 4264 et
2187 4213 2710 4278 v.Leeuwen,pg.47.

391 4301 436 4359 5)
470 4299 597 4348 Ante
644 4297 723 4346 Ol.
774 4297 937 4346 106.2
968 4297 1104 4358 (355)
1148 4297 1377 4346 metoecis
1411 4313 1586 4346 munus
1620 4298 1875 4346 trierarchi
1913 4313 2163 4361 nunquam
2209 4303 2282 4345 est
2316 4297 2600 4346 mandatum
2645 4297 2707 4346 cf.

324 4378 571 4428 Hermum
606 4379 695 4429 Ll.
730 4379 772 4438 1,
809 4379 839 4428 2
876 4394 955 4443 pg.
992 4379 1106 4427 425.

389 4461 437 4522 6)
469 4462 530 4511 cf.
576 4460 771 4511 (=.1.A.
820 4460 897 4519 11,
949 4462 1048 4509 804
1092 4460 1148 4519 B,
1198 4476 1227 4507 a
1274 4459 1334 4506 41
1386 4475 1506 4524 sqq„
1554 4458 1749 4516 ταύτην
1793 4457 1954 4520 ’ἔλαβε
1988 4459 2123 4506 κατὰ
2158 4456 2400 4520 ψήφισμα
2435 4461 2650 4519 βουλῆς,
2683 4459 2712 4507 ὃ

327 4544 600 4603 Διόφαντος
631 4537 763 4590 εἶπεν
800 4539 1196 4605 Μυρρινούσ[ιος]
1236 4538 1580 4606 τριήραρχῂς]
1618 4538 1912 4601 Ἱερώνυμος.

392 4622 439 4682 T)
472 4624 630 4684 (Xon.)
665 4624 723 4672 de
762 4622 1032 4687 Republica
1068 4623 1183 4671 Ath.
1221 4623 1335 4672 ΒΑ.

394 4705 447 4766 8)
483 4705 739 4771 Quomodo
785 4706 875 4755 hoc
924 4721 1036 4769 „per
1079 4720 1259 4753 annum
1308 4704 1468 4753 tueri'’
1514 4701 1930 4766 interpretandum
1978 4699 2068 4758 sit,
2119 4700 2208 4748 hac
2246 4703 2304 4750 de
2339 4719 2388 4750 re
2423 4701 2720 4753 dissentiunt
