3350 5417
680 645 796 690 vm
1645 636 2092 693 m'rRODUGmIO.

1442 807 1916 876 Testimonium
1961 807 2311 893 §38—40.

779 911 816 980 ¹7
866 915 1345 1001 Argumentum
1367 961 1382 991 ,
1430 935 1554 999 quo
1604 914 1997 980 demonstret
2035 913 2372 1001 Polyclem
2412 935 2478 979 se
2517 915 2756 979 iniuria
2793 911 3078 977 affecisse

682 1023 881 1084 sumit
936 1041 1015 1084 ex
1075 1022 1317 1084 ratione
1381 1040 1505 1104 qua
1553 1019 1666 1084 alii
1714 1020 2079 1097 trierarchi,
2128 1018 2567 1084 Mnesilochus
2614 1023 2679 1082 et
2724 1018 3082 1118 Phrasieri-

681 1124 819 1203 des,
871 1145 1024 1211 erga
1070 1124 1423 1190 decessores
1470 1145 1537 1189 se
1582 1127 1931 1211 gesserint,
1982 1131 2048 1190 et
2094 1125 2323 1209 probat
2370 1124 2524 1189 haec

1500 1228 1896 1295 Testimonio
1946 1228 2126 1313 §41,
2178 1228 2284 1294 42.

773 1334 814 1400 8
861 1335 1048 1401 Nunc
1092 1355 1311 1400 causas
1357 1335 1595 1419 profert
1612 1384 1628 1413 ,
1685 1337 1917 1421 quibus
1966 1334 2422 1401 Timomachus
2471 1356 2544 1399 eo
2595 1333 2938 1419 perductus
2985 1335 3078 1398 sit

678 1446 756 1506 ut
794 1447 1011 1505 contra
1046 1440 1271 1525 legum
1308 1443 1755 1505 auctoritatem
1795 1439 2047 1527 Polycli
2078 1439 2463 1526 indulgeret,
2492 1440 2662 1504 unde
2687 1443 3078 1525 argumenta

680 1549 844 1633 petit
890 1546 969 1611 ad
1018 1546 1598 1624 demonstrandum,
1620 1553 1910 1632 >quantas
1957 1546 2376 1612 contumelias
2415 1548 2511 1611 rei
2549 1545 2841 1631 publicae
2881 1565 3076 1610 causa

683 1673 904 1738 passus
950 1654 1054 1716 sit.
1101 1649 1485 1716 Mandatum
1530 1673 1657 1716 non
1703 1651 2112 1738 legitimum,
2156 1651 2614 1717 Timomachus
2653 1654 2824 1715 enim
2869 1653 3076 1735 impe-

682 1759 853 1822 ravit
912 1762 987 1821 ut
1046 1755 1493 1823 Callistratum
1510 1806 1525 1835 ,
1591 1759 1738 1842 qui,
1788 1760 2014 1843 capitis
2060 1758 2399 1823 damnatus
2415 1805 2432 1835 ,
2481 1755 2682 1822 libero
2729 1755 2954 1821 exsilio
3003 1776 3071 1820 se

687 1885 766 1928 ex
826 1865 1140 1927 sententia
1203 1865 1554 1947 eripuerat,
1613 1863 1922 1929 Methona
1968 1862 2253 1928 Thasum
2297 1863 2587 1941 duceret,
2638 1866 2901 1947 exsequi
2946 1884 3073 1926 non

685 1966 832 2034 vult
851 2017 866 2046 ,
938 1969 1355 2053 quamobrem
1422 1967 1533 2032 ille
1602 1971 1802 2033 etiam
1869 1971 2080 2055 magis
2148 1972 2205 2033 ei
2273 1971 2588 2033 irascitur.
2660 1968 3072 2033 Postremum·

687 2073 954 2139 classem
1014 2077 1083 2138 in
1146 2075 1422 2158 patriam
1481 2073 1627 2138 vela
1674 2073 1821 2138 dare
1867 2075 2050 2140 iubet
2097 2072 2549 2139 Timomachus
2568 2122 2583 2151 ,
2635 2072 2957 2159 Lycinum
2977 2121 2993 2151 ,
3042 2093 3079 2136 e

687 2200 854 2266 pago
902 2178 1198 2261 Pallena,
1248 2177 1432 2243 classi
1479 2179 1816 2263 praefecit,
1861 2181 1967 2243 cui
2001 2181 2279 2264 imperat
2316 2184 2391 2242 ut
2429 2178 2821 2262 stipendium
2861 2179 3079 2243 nautis

691 2285 966 2352 solveret
983 2334 1000 2362 ,
1050 2285 1217 2370 quod
1267 2290 1332 2349 et
1377 2282 1490 2348 ille
1535 2284 1737 2348 facere
1775 2282 2087 2370 neglegit.
2128 2282 2354 2349 Orator
2388 2282 2702 2347 ultimum
2738 2282 3078 2369 Polyclem

692 2391 826 2456 adit
886 2391 1189 2475 iubetque
1250 2409 1481 2454 navem
1544 2391 1824 2474 accipere
1887 2395 1951 2454 et
1998 2395 2448 2476 supererogata
2486 2388 2732 2454 solvere
2778 2393 2877 2466 et,
2926 2410 3077 2453 cum

690 2502 971 2573 recusat,
1034 2497 1373 2580 pecuniam
1434 2493 1665 2558 saltem
1724 2500 2024 2559 mutuam
2086 2495 2210 2559 sibi
2272 2494 2419 2559 dare
2482 2500 2557 2558 ut
2603 2495 2861 2559 haberet
2908 2495 3077 2559 unde

693 2601 1049 2666 mercedem
1112 2602 1325 2665 nautis
1384 2598 1681 2665 solveret.
1746 2599 1871 2680 Qui
1925 2601 2039 2664 ubi
2081 2600 2190 2665 vel
2233 2601 2352 2665 hoc
2398 2601 2659 2678 abnuit,
2709 2606 2919 2665 orator
2963 2599 3078 2665 'Pe-

692 2706 839 2771 nedi
900 2705 977 2771 ab
1025 2704 1385 2790 hospitibus
1434 2707 1635 2789 patris
1684 2707 2019 2790 pecuniam
2066 2710 2367 2771 mutuam
2414 2707 2636 2770 sumit.
2688 2702 3080 2770 Confirman-

692 2818 800 2876 tur
844 2811 998 2875 haec

1473 2913 1885 2980 Testimoniis
1934 2914 2282 3000 §43—56.

782 3020 947 3102 [Hoc
992 3020 1128 3085 loco
1168 3019 1809 3084 animadvertendum
1848 3026 1944 3085 est
1980 3027 2299 3086 oratorem
2337 3041 2667 3106 nunquam
2705 3024 3074 3086 testimonia

691 3126 907 3191 afferre
971 3126 1046 3189 de
1107 3127 1187 3189 iis
1206 3171 1222 3201 ,
1289 3145 1449 3209 quae
1509 3123 1925 3191 Timomacho
1986 3128 2243 3190 crimini
2303 3126 2444 3204 dat,
2510 3132 2895 3212 quapropter
2940 3130 3077 3193 veri

691 3230 903 3296 simile
965 3238 1059 3295 est
1122 3252 1272 3296 eum
1290 3277 1306 3307 ,
1373 3251 1523 3295 cum
1585 3229 1923 3317 Polyclem
1984 3237 2340 3310 accusaret,
2400 3235 2469 3296 in
2516 3235 2729 3298 animo
2776 3234 3074 3298 habuisse

691 3339 863 3403 hunc
926 3359 1076 3402 cum
1122 3336 1268 3402 aliis
1316 3337 1583 3402 ducibus
1628 3337 2082 3422 perduellionis
2127 3338 2451 3424 postulare
2470 3387 2486 3416 ,
2535 3344 2598 3404 et
2645 3342 2859 3405 omnia
2904 3343 3078 3405 testi-

693 3446 908 3509 monia
956 3449 1172 3508 contra
1218 3464 1369 3508 eum
1415 3442 1725 3508 afferenda
1772 3444 1852 3508 ad
1897 3442 2080 3509 illam
2128 3447 2444 3509 actionem
2490 3465 2831 3523 reservare,
2883 3467 3076 3530 quam

693 3549 976 3614 nondum
1022 3570 1157 3614 esse
1204 3550 1572 3613 institutam
1618 3569 1733 3633 pro
1782 3555 1952 3613 certo
2002 3550 2364 3614 habendum
2411 3554 2557 3633 est.]

789 3655 827 3719 9
867 3656 1098 3720 Paucis
1139 3656 1350 3720 verbis
1374 3652 1657 3740 Polyclis
1680 3675 1808 3718 non
1832 3654 2045 3720 solum
2068 3655 2371 3721 adversus
2394 3677 2478 3734 se,
2506 3656 2617 3720 sed
2640 3658 2835 3721 etiam
2859 3663 3076 3722 contra

693 3782 831 3826 rem
868 3759 1194 3846 publicam
1229 3760 1715 3845 improbitatem
1734 3808 1750 3837 ,
1793 3766 1983 3845 atque
2023 3781 2207 3825 suam
2246 3763 2449 3846 ipsius
2488 3764 2800 3827 virtutem
2827 3765 3072 3849 tangit,

695 3865 917 3932 deinde
954 3887 1054 3931 res
1094 3866 1471 3932 domesticas
1510 3865 1810 3930 describit
1848 3865 2035 3931 modo
2068 3874 2215 3951 apto
2241 3868 2322 3931 ad
2343 3868 2802 3952 permovendos
2827 3870 3072 3933 animos

690 3973 1014 4050 iudicum,
1078 3993 1338 4037 narrans
1399 3978 1474 4036 ut
1534 3978 1809 4036 matrem
1870 3974 2187 4037 invenerit
2249 3973 2734 4050 moribundam,
2805 3994 3069 4038 uxorem

694 4085 1135 4166 aegrotantem
1153 4128 1170 4158 ,
1210 4100 1347 4145 rem
1384 4078 1769 4144 familiarem
1809 4099 1949 4143 aere
1991 4078 2195 4145 alieno
2237 4080 2538 4144 obrutam
2585 4081 2620 4163 ξ
2670 4075 2956 4144 57—62.

782 4186 940 4250 Post
984 4185 1139 4249 haec
1185 4187 1415 4249 transit
1460 4185 1540 4249 ad

1507 4287 1864 4375 Epilogum
1910 4286 2259 4372 §63—-6'7,

691 4398 761 4459 in
806 4415 931 4478 quo
977 4396 1208 4479 repetit
1256 4400 1465 4460 orator
1511 4414 1577 4458 se
1623 4394 1958 4459 commoda
2006 4397 2096 4458 rei
2142 4391 2433 4478 publicae
2469 4396 2604 4457 suis
2642 4396 3069 4478 anteposuisse

694 4505 758 4565 et
825 4498 1068 4565 iudices
1136 4500 1429 4565 hortatur
1495 4505 1571 4564 ut
1639 4498 1978 4587 Polyclem
2041 4499 2493 4576 condemnent,
2558 4501 2653 4563 ita
2714 4501 2886 4563 enim
2948 4519 3069 4564 non

693 4604 903 4670 solum
965 4607 1086 4671 sibi
1147 4607 1572 4672 subventuros
1623 4627 1758 4670 esse
1806 4606 1913 4670 sed
1962 4607 2158 4671 etiam
2205 4605 2468 4670 sibimet
2512 4607 2670 4689 ipsis
2719 4609 2783 4669 et
2827 4607 3069 4670 trierar-

693 4713 829 4777 chis
890 4714 1159 4797 posteris
1176 4760 1193 4790 ,
1257 4733 1460 4798 neque
1523 4711 1737 4776 ullum
1798 4731 2223 4777 successorem
2283 4710 2459 4798 leges
2521 4716 3062 4789 contemnentem,
