3350 5417
1053 1366 1865 1489 INTRonuo'rlo.

1284 1659 1682 1669 ..ο-*ζ

1442 1822 1492 1885 Ι.

352 2004 647 2069 Athenas
694 2024 843 2068 cum
889 2002 988 2068 01.
1040 2002 1190 2069 104.
1240 2002 1279 2067 3
1329 2002 1515 2083 (362)
1561 2007 2004 2069 renuntiatum
2053 2009 2219 2070 esset
2269 2007 2349 2071 ad
2396 2003 2656 2072 Cherso-

252 2130 495 2175 nesum
562 2130 667 2173 res
735 2129 869 2173 esse
938 2108 1232 2173 adversas
1303 2114 1368 2172 et
1438 2108 1876 2174 Alexandrum
1894 2158 1911 2187 ,
1977 2116 2327 2195 tyrannum
2388 2112 2657 2176 Pherae-

258 2236 495 2292 orum,
558 2212 812 2279 Tenum
870 2214 1149 2278 insulam
1212 2215 1651 2298 occupavisse,
1715 2221 1972 2280 auctore
2031 2217 2499 2300 Aristophonte,
2548 2236 2660 2299 po-

256 2321 464 2408 pulus
515 2322 713 2384 scivit
774 2325 849 2383 ut
911 2340 1107 2403 quam
1167 2318 1495 2384 celerrime
1556 2321 1888 2385 trierarchi
1934 2341 2128 2385 naves
2178 2321 2556 2385 deducerent
2582 2318 2655 2401 1),

258 2430 439 2492 inter
509 2446 671 2508 quos
742 2425 1121 2490 trierarchos
1187 2424 1617 2509 Apollodorus
1687 2426 1847 2503 fuit,
1917 2424 2088 2489 filius
2150 2426 2436 2490 Pasionis
2480 2425 2660 2489 illius

256 2532 621 2619 argentarii
688 2529 1023 2608 ditissimi,
1096 2534 1208 2615 qui
1277 2533 1565 2615 primum
1637 2552 1860 2596 servus
1929 2531 2325 2596 Archestrati
2343 2580 2360 2609 ,
2436 2531 2658 2596 deinde

259 2640 405 2704 eius
473 2635 749 2700 libertus
817 2657 930 2720 pro
999 2658 1071 2701 eo
1141 2643 1205 2701 et
1274 2637 1689 2714 Antisthene,
1760 2643 2159 2721 postremum
2222 2658 2335 2702 suo
2403 2640 2659 2703 nomine

262 2744 708 2829 argentariam
772 2741 1043 2807 faciebat
1068 2741 1142 2822 ⁹).
1213 2741 1314 2806 01.
1381 2740 1487 2806 96.
1555 2741 1595 2806 3
1657 2740 1845 2823 (394)
1911 2742 2097 2807 Pasio
2158 2745 2510 2808 etiamtunc
2570 2746 2662 2807 in-

265 2848 561 2937 quilinus
637 2852 808 2923 erat,
878 2847 989 2913 sed
1059 2848 1252 2932 paulo
1323 2853 1467 2931 post
1533 2850 1636 2911 ius
1706 2849 2047 2921 ἱσοτελείας
2119 2854 2182 2913 et
2253 2849 2507 2934 praedia
2569 2869 2666 2913 ac-

265 2954 567 3043 quirendi
637 2954 698 3017 ei
766 2952 991 3018 datum
1053 2959 1182 3030 est,
1248 2958 1313 3018 et
1372 2953 1632 3017 tandem
1698 2954 1775 3018 ob
1841 2957 2072 3019 merita
2130 2957 2199 3018 in
2259 2976 2398 3019 rem
2460 2953 2666 3040 publi-

266 3083 411 3128 cam
480 3059 977 3125 Atheniensium
1044 3062 1181 3144 ipse
1254 3080 1405 3123 cum
1465 3062 1739 3143 posteris
1801 3062 2065 3124 civitate
2127 3066 2225 3124 est
2287 3061 2559 3125 donatus
2588 3062 2661 3139 ³).

268 3167 427 3232 Post
472 3166 673 3229 huius
719 3170 998 3229 mortem
1047 3162 1146 3228 Ol.
1203 3163 1350 3228 102.
1394 3162 1433 3227 3
1484 3160 1671 3243 (370)
1713 3164 2029 3229 hereditas
2070 3186 2197 3228 non
2238 3169 2461 3231 statim
2497 3169 2666 3230 inter

266 3273 492 3338 ambos
554 3268 758 3346 filios,
823 3269 1287 3353 Apollodorum
1351 3275 1415 3333 et
1480 3268 1800 3333 Pasiclem
1818 3318 1835 3347 ,
1893 3274 1989 3334 est
2039 3270 2243 3336 divisa
2261 3320 2277 3348 ,
2325 3274 2451 3336 nisi
2497 3273 2666 3355 quod

268 3375 709 3462 Apollodorus
729 3422 745 3450 ,
811 3377 1016 3439 maior
1076 3380 1232 3439 natu
1250 3424 1265 3452 ,
1316 3373 1649 3459 praedium
1697 3377 1939 3459 accepit
1984 3378 2401 3460 praecipuum
2426 3377 2479 3459 ⁴)
2496 3397 2513 3453 ;
2562 3378 2668 3441 hic

268 3491 491 3549 tamen
555 3484 652 3545 ita
706 3478 1001 3546 luxuriae
1061 3481 1417 3545 indulserat
1478 3485 1555 3544 ut
1617 3486 1865 3545 tutores
1926 3481 2140 3546 fratris
2198 3485 2466 3548 minoris
2511 3488 2668 3547 natu

269 3587 699 3654 hereditatem
740 3584 1027 3651 dividere
1064 3592 1459 3674 cogerentur,
1493 3593 1744 3670 praeter
1781 3590 2211 3673 argentariam
2250 3594 2314 3653 et
2353 3588 2667 3654 officinam

270 3694 623 3759 scutariam
641 3738 660 3766 ,
724 3710 1005 3774 quorum
1061 3694 1309 3758 fructus
1365 3694 1624 3776 utrique
1683 3697 1921 3779 pariter
1981 3694 2299 3760 redituros
2347 3696 2673 3760 decretum

272 3805 371 3865 est
394 3800 472 3878 3).
534 3794 808 3860 Reditus
870 3796 1254 3883 Apollodori
1314 3819 1393 3863 ex
1441 3798 1654 3863 fundis
1701 3801 1897 3865 minis
1946 3801 2218 3884 triginta
2263 3800 2677 3867 aestimaban-

276 3913 384 3970 tur
408 3903 484 3984 ⁸),
549 3909 615 3967 et
676 3901 901 3985 opibus
969 3923 1121 3970 eum
1169 3904 1522 3971 abundasse
1569 3905 1718 3969 hinc
1764 3908 2049 3970 conicere
2093 3902 2281 3982 licet,
2333 3904 2502 3989 quod
2551 3927 2674 3970 non

275 4009 489 4076 solum
534 4010 603 4073 in
651 4008 859 4074 tribus
906 4014 1099 4096 pagis
1146 4009 1402 4097 praedia
1442 3994 1838 4094 possidebat,
1882 4017 1947 4075 et
1991 4012 2060 4073 in
2100 4011 2180 4072 iis
2229 4015 2398 4085 erat,
2442 4011 2674 4093 quibus

278 4118 686 4195 τροεισφορᾶς
740 4117 1007 4179 nomine
1054 4117 1376 4180 tributum
1423 4118 1648 4179 ceteris
1697 4116 2054 4179 tributariis
2102 4119 2238 4177 erat
2276 4112 2680 4197 suppeditan-

278 4223 437 4287 dum
461 4221 540 4300 7),
604 4220 713 4283 sed
779 4222 981 4284 etiam
1042 4218 1189 4304 plus
1251 4241 1447 4305 quam
1509 4219 1708 4284 semel
1771 4217 2155 4284 trierarchus
2217 4218 2377 4293 fuit,
2444 4238 2675 4305 nempe

354 4451 401 4510 1)
436 4449 616 4510 (Dem.)
650 4450 707 4500 L.
746 4452 895 4501 4-6.
1652 4450 1701 4508 2)
1737 4449 1878 4497 Dem.
1915 4445 2132 4496 XXXVI.
2165 4446 2378 4492 43—46.

352 4535 400 4592 8)
438 4531 578 4582 Dum.
610 4531 830 4581 XXXVI.
860 4531 941 4590 47,
968 4532 1144 4594 (Dem.)
1178 4530 1344 4580 XLVI.
1380 4533 1456 4588 15,
1492 4531 1627 4578 LIII.
1662 4532 1740 4588 18,
1773 4528 1900 4577 LIX.
1931 4529 1979 4585 2,
2017 4526 2206 4574 Bocckh
2237 4527 2481 4576 staatsh.¹
2509 4528 2547 4576 1.
2569 4528 2683 4580 704.

354 4619 403 4674 4)
442 4614 581 4664 Dem.
620 4613 841 4662 XXXVI.
878 4615 957 4662 84.
1664 4613 1711 4672 ὃ)
1751 4610 1885 4658 Dcm.
1923 4606 2140 4657 XXXVI.
2179 4609 2208 4656 8
2245 4627 2315 4672 sq.

360 4697 411 4756 6)
446 4696 589 4745 Dem.
626 4695 845 4745 XXXVI.
883 4697 961 4744 88.
1667 4692 1716 4753 7)
1749 4690 1928 4750 (Dem.)
1965 4688 2019 4735 L.
2058 4689 2105 4736 8.
