3350 5417
1070 1478 1989 1593 THESES.

1493 1945 1550 2019 Ι.

416 2137 625 2203 Hom.
676 2147 729 2201 Δ
761 2135 891 2203 527
941 2136 1066 2217 (ed.
1116 2158 1243 2203 van
1288 2136 1603 2203 Leeuwen
1647 2141 1713 2201 et
1758 2138 2023 2206 Mendes
2072 2139 2150 2205 da
2197 2138 2448 2218 Costa).

587 2246 690 2309 τὸν
738 2243 799 2309 δὲ
851 2244 1018 2316 Θόας
1069 2244 1344 2315 Αἰτωλὸς
1395 2244 1975 2337 ἀπεσσύμενον
2029 2245 2220 2324 ’βάλε
2269 2246 2459 2378 δουρὶ,

308 2350 601 2420 Codices
644 2350 880 2416 habent
926 2351 1337 2428 ἐπεσσύμενος
1388 2349 1494 2416 vel
1541 2351 1972 2430 ἐπεσσύμενον.

416 2458 719 2542 Propono
767 2457 1350 2536 ἀπαινύμενον.

1486 2649 1585 2724 11.

428 2844 629 2909 Hom.
685 2855 734 2908 Δ
768 2844 898 2909 542
920 2864 934 2909 :

701 2955 901 3030 χειρὸς
952 2952 1216 3030 ἑλοῦσα,
1265 2952 1429 3032 ἀτάρ
1475 2949 1714 3030 βελέων
1760 2951 2049 3034 ἀπερύκοι
2100 2953 2312 3032 ἐρωήν·

314 3060 592 3125 hiatum
636 3064 782 3142 post
827 3058 1050 3122 ἑλοῦσα
1098 3060 1212 3123 vix
1260 3057 1592 3124 ferendum
1636 3059 1882 3125 iudicat
1924 3081 2048 3126 van
2093 3059 2426 3125 Leeuwen.

424 3161 803 3249 Legendum
849 3170 979 3229 est:

609 3269 811 3350 χειρός
864 3271 1087 3350 ἑλοῦσ’,
1139 3269 1266 3334 ἀπό
1311 3269 1375 3335 τ’
1427 3269 1503 3350 ἀρ
1550 3271 1785 3349 βελέων
1832 3296 1908 3337 τοι
1958 3270 2148 3352 ἐρύκοι
2199 3272 2414 3351 ἐρωήν·

1461 3466 1594 3541 ΠΙ.

427 3656 630 3724 Hom.
683 3666 737 3722 Ο
766 3656 933 3722 626:

792 3762 960 3844 ἀχνη
1006 3763 1402 3844 ὑπεκρύφθη,
1454 3765 1699 3842 ἀνέμοιο
1747 3766 1808 3830 δὲ
1858 3766 2040 3838 δεινὸς
2089 3769 2251 3843 ἀήτη

793 3870 966 3952 ἱστίῳ
1013 3868 1444 3954 ἐμβρέμεται,

428 3977 781 4065 Digamma
823 3980 892 4042 in
938 3998 1077 4042 voc.
1128 3975 1339 4050 Brewdc
1386 3976 1709 4063 postulat:

793 4081 962 4165 ἄχνη
1012 4083 1408 4162 ὑπεκρύφθη,
1459 4083 1667 4156 δεεινὸς
1719 4081 1772 4147 δ’
1821 4083 2063 4161 ἀνέμοιο
2110 4084 2273 4160 ἀήτη

792 4190 964 4270 ἱστίῳ
1015 4186 1440 4268 ἐμβρέμεται,

1470 4369 1595 4444 IV.

40 4425 61 4498 *h—

428 4563 629 4630 Thue.
680 4563 793 4630 111.
844 4563 905 4628 3.
936 4563 976 4628 6
1027 4562 1151 4640 (ed.
1200 4585 1325 4629 van
1374 4562 1828 4642 Herwerden):

427 4674 480 4738 οἱ
548 4670 600 4735 δ’
664 4671 793 4736 οὔτ’
857 4671 917 4742 ἐς
968 4670 1071 4735 τὸν
1120 4669 1465 4735 Μαλόεντα
1518 4670 1806 4748 ἐξῆλθον,
1856 4667 1942 4734 τά
1992 4696 2061 4736 τε
2110 4669 2287 4735 ἀλλα
2337 4679 2452 4738 τῶν
2499 4680 2726 4756 τειχῶν

331 4779 459 4848 καὶ,
496 4777 752 4854 λιμένων
799 4778 931 4858 περὶ
981 4777 1065 4842 τοὶ
1117 4780 1503 4855 ἧμιτέλεστα
1550 4773 1940 4858 φραξάμενοι
1993 4777 2372 4859 ἐφύλασσον.
