3350 5417
1806 616 1893 683 36

651 806 934 867 ναυτικοῦ
984 802 1337 881 ἐγίγνοντο,
1387 801 1745 882 ἀφικνεῖται
1795 800 1862 864 ἐκ
1901 799 2190 873 Μεθώνης
2231 805 2341 874 τῆς
2384 796 2774 868 Μακεδονίας
2818 799 3061 877 ὑπηρε-

650 908 814 973 τικὸν
865 909 948 979 εἰς
997 909 1205 973 Θάσον
1251 904 1407 984 ἄγον
1454 904 1642 986 ἄνδρα
1684 905 1789 970 καὶ
1833 905 2171 976 ἐπιστολὰς
2213 904 2388 985 παρὰ
2429 902 2909 982 Καλλιστράτου
2967 905 3059 974 ὦς

651 1013 1069 1095 Τιμόμαχον,
1112 1011 1172 1078 ἔν
1211 1007 1312 1085 αἶς
1355 1010 1458 1090 ἦν,
1501 1013 1574 1083 ὥς
1619 1010 1863 1093 ὕστερον
1905 1011 2027 1090 ἐγὼ
2069 1010 2621 1087 ταῦτ’ἑπυθόμην,
2651 1009 3059 1089 ἀποπέμψαι

650 1121 818 1201 αὐτῷ
878 1121 1079 1201 τριήρη
1144 1121 1252 1192 την
1316 1116 1543 1197 ἄριστα
1600 1118 1950 1202 πλέουσαν,
1998 1115 2071 1182 ἵν’
2120 1118 2431 1197 ἀφίκηται
2479 1118 2553 1188 ὥς
2605 1116 2816 1182 αὐτόν.
2867 1115 3057 1188 εὐθὺς

649 1223 746 1293 οὖν
816 1236 893 1306 τῇ
969 1225 1263 1308 ὑστεραία
1334 1221 1474 1301 ἅμα
1535 1233 1610 1306 τῇ
1682 1222 1880 1307 ἡμέρᾳ
1925 1225 1952 1288 ὃ
2004 1224 2302 1301 ὑπηρέτης
2370 1222 2551 1287 ἐλθὼν
2615 1219 2899 1287 ἐκέλευσέ
2963 1246 3058 1298 με

552 1334 615 1387 47
654 1339 869 1398 καλεῖν
933 1332 1017 1405 εἷς
1079 1333 1190 1405 την
1251 1334 1400 1395 ναῦν
1463 1331 1601 1402 τοὺς
1669 1330 1926 1404 ναύτας.
1978 1330 2109 1394 ἐπεὶ
2160 1329 2220 1394 δὲ
2273 1329 2509 1409 πλήρης
2558 1326 2660 1406 ἦν,
2714 1327 3062 1405 ἀναβαίνει

652 1438 1024 1508 Κάλλιππος
1072 1438 1100 1504 ὅ
1150 1438 1412 1507 Φίλωνος
1462 1438 1489 1501 ὃ
1540 1435 1879 1515 Αἰξωνεύς,
1929 1436 2033 1500 καὶ
2076 1433 2296 1518 Φραζει
2344 1436 2488 1514 πρὸς
2529 1436 2630 1501 τὸν
2668 1435 3058 1515 κυβερνήτην

3103 905 3132 954 1
3143 905 3260 954 221

718 1623 741 1681 ς
774 1621 857 1668 46.
892 1619 1217 1683 Τιμόμαχον]
1264 1620 1585 1680 τειμόμαχον
1629 1635 1705 1683 pr.
1752 1618 1801 1666 S.
1848 1645 1915 1656 —
1961 1615 2124 1683 εὐθὺς]
2158 1615 2240 1665 ’έτι
2287 1615 2408 1674 δἈ,
2444 1616 2523 1666 ὅτι
2563 1615 2607 1666 δ’
2642 1617 2706 1676 S.;
2744 1615 2872 1667 τότε
2908 1615 2954 1666 δ’
2991 1618 3063 1668 ci.

655 1703 864 1767 Sauppe.
896 1727 966 1739 —
1000 1697 1234 1749 ἐκέλευσε
1270 1700 1436 1765 Blass]
1476 1696 1675 1748 ἐκέλευε
1708 1699 1849 1749 codd.

722 1788 745 1845 ς
780 1781 862 1834 47.
897 1779 1165 1848 Αἰξωνεύς]
1202 1779 1402 1846 ἔξωνεῢς
1431 1781 1480 1831 S.

657 1977 741 2021 μοι
792 1962 1035 2023 γεγόνασι
1088 1977 1175 2025 pro
1227 1958 1546 2022 ἀπήχθημαι.
1582 1956 1815 2020 διατριβή

658 2044 750 2092 hoc
782 2042 890 2092 loco
908 2044 1205 2093 commoratio
1223 2042 1466 2107 significat
1481 2080 1493 2100 ,
1511 2047 1567 2090 ut
1584 2040 1815 2090 XXXIII.

661 2126 707 2185 ὅ,
753 2131 919 2174 tamen
965 2124 1168 2174 XLVII.
1215 2125 1278 2173 63
1324 2130 1488 2173 noster
1533 2124 1690 2172 utitur
1723 2125 1815 2173 hoc

659 2207 899 2256 vocabulo
935 2223 1077 2256 sensu
1114 2222 1245 2255 mora
1260 2245 1271 2266 ,
1305 2205 1585 2255 retardatio.

728 2286 1136 2353 ὑπηρετικόν]
1174 2287 1278 2338 scil.
1314 2289 1502 2347 πλοῖον,
1536 2288 1700 2336 linter.

727 2369 884 2431 ἷέγον
931 2368 1128 2431 ἄνδρα
1173 2369 1280 2418 καὶ
1315 2366 1715 2435 ἐπιστολάς]
1750 2370 1820 2417 in·

660 2453 866 2512 usitate,
896 2454 958 2502 cf.
989 2454 1102 2501 Tac.
1139 2454 1266 2501 Anu.
1296 2452 1364 2501 ΙΙ.
1397 2453 1476 2512 66,
1510 2452 1683 2501 initio:
1721 2451 1818 2500 Eas

659 2537 851 2586 litteras
900 2535 1124 2584 Latinius
1181 2535 1408 2583 Pandusa
1457 2551 1544 2599 pro
1596 2539 1819 2598 praetore

661 2619 878 2668 Moesiae
923 2634 1033 2667 cum
1078 2617 1320 2666 militibus
1367 2645 1431 2654 —
1473 2616 1524 2665 in
1559 2616 1819 2666 Thraciam

666 2701 815 2751 misit.

732 2783 898 2842 παρὰ
928 2788 1061 2830 Καλ
1079 2780 1470 2846 moncia-ov]
1491 2781 1822 2839 Callistratus,

667 2865 741 2914 vir
758 2865 1004 2928 eloquens,
1020 2863 1121 2911 iam
1140 2863 1201 2911 ab
1221 2862 1301 2911 Ol.
1317 2864 1398 2912 98.
1411 2863 1441 2912 2
1454 2862 1589 2925 (387)
1609 2865 1822 2912 multum

668 2948 799 3013 apud
814 2946 1051 3011 populum
1068 2945 1415 2994 Atheniensem
1436 2946 1729 2995 auctoritate
1746 2962 1826 2995 va·

665 3031 803 3079 lebat
814 3028 972 3089 (Dem.
991 3027 1163 3076 XXIV.
1186 3027 1283 3076 134
1295 3043 1365 3091 sq.
1386 3027 1504 3077 Xen.
1523 3028 1657 3077 Hell.
1675 3028 1761 3078 IV.
1777 3029 1823 3077 8.

669 3113 747 3162 31.
779 3110 925 3160 Diod.
952 3110 1084 3159 XIV.
1114 3111 1210 3171 99).
1235 3109 1433 3175 Semper
1457 3110 1825 3175 Epaminondae

667 3195 1104 3257 Thebanorumque
1149 3193 1477 3251 adversarius,
1522 3193 1727 3257 perfecit
1770 3198 1827 3242 ut

668 3273 987 3344 Athenienses
1034 3281 1202 3323 contra
1248 3274 1502 3323 Thebanos
1537 3291 1648 3324 cum
1684 3275 1829 3325 Lace·

670 3357 937 3408 daemoniis
988 3357 1158 3406 foedus
1204 3357 1408 3416 inirent,
1456 3359 1539 3407 sed
1587 3374 1699 3407 cum
1746 3358 1825 3407 01.

674 3440 785 3489 103.
823 3439 852 3487 3
886 3437 1020 3500 (366)
1068 3439 1258 3487 exsules
1292 3438 1505 3502 patriam
1540 3457 1680 3489 suam
1713 3441 1830 3489 Oro-

670 3539 816 3588 pum,
883 3519 1240 3569 Eretriensibus
1308 3521 1689 3582 auxiliantibus,
1754 3539 1829 3571 ex·

671 3609 968 3672 pugnassent
1008 3609 1056 3652 et
1091 3603 1334 3652 Tbebanis
1367 3604 1713 3665 tradidissent,
1747 3622 1830 3671 po·

671 3689 819 3754 pulus
877 3687 938 3736 ob
989 3686 1115 3734 hanc
1166 3701 1269 3734 rem
1320 3686 1473 3735 iratus
1525 3688 1723 3752 culpam
1777 3689 1827 3737 in

675 3770 939 3820 Chabriam
966 3774 1015 3817 et
1043 3768 1384 3819 Callistratum
1412 3770 1621 3819 contulit
1651 3787 1829 3835 eosque

672 3851 1019 3919 perduellionis
1038 3851 1301 3900 accusavit.
1332 3850 1644 3901 Callistratus
1663 3858 1829 3901 tamen

673 3942 777 3986 tam
817 3934 1099 3997 eloquenter
1132 3950 1181 3981 se
1218 3933 1435 3983 defendit
1472 3938 1528 3982 ut
1562 3939 1610 3982 et
1643 3934 1747 3999 ipse
1782 3939 1831 3982 et

674 4017 911 4067 Chabrias
942 4015 1159 4064 absoluti
1186 4014 1300 4065 sint.
1336 4016 1453 4064 Mox
1483 4022 1678 4075 tamen,
1705 4021 1834 4080 post-

675 4117 821 4165 quam
847 4098 1211 4163 Epaminondas
1235 4098 1297 4147 ad
1316 4097 1623 4146 Mantineam
1641 4098 1831 4157 cecidit,

675 4188 723 4232 et
784 4187 942 4229 metus
989 4197 1018 4228 a
1066 4180 1311 4229 Thebanis
1358 4185 1505 4243 atque
1565 4181 1832 4229 auctoritas

675 4263 950 4313 Callistrati
1011 4261 1264 4311 deminuta
1337 4267 1478 4319 sunt,
1548 4262 1832 4326 praesertim

676 4345 805 4411 quod
846 4344 1224 4393 Atheniensibus
1267 4344 1330 4392 ad
1364 4343 1601 4393 Thraciae
1636 4359 1746 4392 oras
1786 4349 1835 4393 et

677 4428 728 4477 in
761 4427 886 4476 mari
922 4429 1113 4490 Aegaeo
1150 4443 1224 4475 res
1264 4442 1439 4491 parum
1474 4442 1700 4490 prospere
1736 4442 1837 4474 suc-

678 4514 938 4559 cesserunt.
994 4508 1104 4556 Iam
1155 4508 1233 4558 Ol.
1286 4509 1398 4557 104.
1436 4508 1465 4556 3
1500 4507 1634 4570 (362)
1670 4523 1834 4558 mense

680 4591 951 4657 Septembri
1000 4591 1082 4652 (cf.
1135 4593 1235 4652 54)
1281 4597 1478 4655 propter
1528 4590 1836 4639 calamitates

684 4675 746 4724 ad
792 4674 906 4723 illas
953 4689 1062 4721 oras
1107 4679 1156 4721 et
1189 4674 1239 4722 in
1272 4673 1593 4737 Hellesponto
1628 4672 1721 4721 illa
1756 4689 1836 4720 ex-

682 4757 866 4822 peditio
896 4762 971 4805 est
998 4756 1173 4814 missa,
1201 4772 1324 4820 quae
1354 4756 1560 4805 materia
1588 4761 1662 4805 est
1692 4756 1837 4805 huius

1895 1957 2158 2017 orationis,
2195 1958 2279 2006 sed
2314 1958 2477 2007 clades
2508 1959 2571 2007 ad
2598 1959 2930 2024 Peparethum
2958 1960 3066 2024 (Ol.

1897 2041 2009 2089 104.
2066 2042 2098 2088 4
2142 2040 2313 2103 (361))
2358 2046 2409 2091 et
2440 2042 2718 2106 repentinus
2756 2042 2972 2107 impetus
3006 2043 3067 2093 in

1896 2122 2125 2172 Piraeum
2159 2124 2221 2171 ab
2259 2123 2536 2173 Alexandro
2572 2123 2788 2174 Pheraeo
2805 2163 2818 2184 ,
2846 2131 3070 2190 praeter-

1897 2221 2044 2269 quam
2091 2204 2352 2254 Leostheni
2399 2205 2548 2255 etiam
2582 2205 2868 2256 Callistrato
2904 2207 3066 2257 exitio

1897 2288 2119 2347 fuerunt,
2178 2287 2355 2351 capitis
2400 2294 2655 2338 accusatus
2698 2289 2853 2339 libero
2906 2290 3067 2339 exilio

1898 2386 1949 2418 se
2002 2386 2059 2418 ex
2113 2369 2354 2419 sententia
2405 2371 2586 2435 eripuit
2636 2372 2698 2421 cf.
2744 2372 2893 2421 Isocr.
2946 2372 3070 2434 περὶ

1900 2449 2082 2512 εἰρήνης
2117 2453 2183 2501 24
2217 2468 2299 2516 pg.
2336 2453 2479 2501 1642.
2521 2455 2753 2503 Attamen
2779 2454 2856 2503 bis
2883 2456 3066 2504 eodem

1898 2534 1988 2583 illo
2022 2539 2240 2598 tempore
2270 2534 2445 2599 capitis
2474 2542 2549 2585 est
2577 2537 2835 2586 damnatus
2866 2537 2929 2586 cf.
2948 2540 2972 2598 ς
2992 2537 3067 2585 48

1900 2622 1949 2667 et
1994 2616 2199 2681 Lycurg.
2246 2633 2305 2665 c..
2334 2616 2498 2667 Leocr.
2549 2618 2612 2667 93
2657 2634 2737 2683 pg.
2785 2619 2897 2677 159,
2946 2618 3070 2668 vide

1901 2700 2052 2749 etiam
2096 2698 2361 2748 Hecatonis
2404 2699 2688 2765 philosophi
2726 2700 3070 2751 narrationem

1902 2782 2032 2847 apud
2062 2780 2293 2829 Senecam
2324 2782 2383 2831 de
2412 2781 2580 2831 Benef.
2612 2783 2658 2831 6.
2680 2780 2759 2833 37.
2787 2782 3070 2833 Mothonen

1902 2865 1953 2914 in
1982 2865 2151 2913 urbem
2179 2863 2497 2912 Macedoniae
2526 2880 2576 2913 se
2607 2863 2815 2914 contulit
2833 2865 2962 2914 unde
2980 2865 3073 2915 lit-

1901 2954 2031 2996 teras
2050 2947 2186 2995 dedit
2216 2946 2279 2994 ad
2308 2946 2500 2995 affinem
2530 2962 2673 2995 suum
2690 2946 3072 2997 Timomachnm

1904 3034 1961 3078 ut
1989 3044 2100 3077 eum
2119 3028 2336 3076 Thasum
2354 3028 2615 3077 abduceret
2631 3030 2709 3090 (cf.
2731 3032 2754 3090 ς
2773 3029 2958 3091 46-51).
2978 3030 3069 3080 01.

1907 3112 2019 3161 106.
2072 3113 2098 3160 1
2151 3110 2286 3172 (356)
2330 3110 2531 3159 tandem
2576 3111 2792 3160 Athenas
2828 3112 3038 3161 revertit
3055 3151 3072 3172 ,

1905 3193 2099 3242 oraculo
2130 3191 2376 3256 Apollinis
2401 3192 2656 3252 inductus,
2683 3198 2734 3242 et
2762 3209 3072 3257 quamquam

1905 3276 1967 3324 ad
2021 3290 2156 3340 aram
2210 3273 2464 3323 duodecim
2517 3275 2717 3324 deorum
2752 3276 3074 3337 consederat,

1904 3358 2224 3408 nihilominus
2265 3363 2421 3406 morte
2469 3363 2543 3406 est
2588 3358 2827 3407 multatus
2873 3358 2936 3407 cf.
2976 3359 3076 3424 Ly-

1907 3457 2037 3505 curg.
2069 3440 2142 3490 1.l.
2192 3439 2274 3497 τίς
2310 3440 2409 3502 γὰρ
2446 3436 2501 3487 οὐ
2539 3437 2791 3501 μέμνηται
2824 3466 2894 3478 -
2927 3446 3078 3490 Καλ-

1907 3523 2196 3583 λίστρατον,
2232 3514 2288 3569 οὗ
2325 3519 2531 3569 θάνατον
2566 3518 2595 3575 ἦ
2631 3523 2779 3578 πόλις
2805 3518 3043 3583 κατέγνω
3062 3563 3077 3584 ,

1907 3607 2085 3654 τοῦτον
2147 3603 2379 3666 φυγόντα
2430 3601 2515 3650 καὶ
2565 3605 2657 3650 τοῦ
2710 3602 2815 3651 θεοῦ
2866 3606 2962 3651 τοῦ
3017 3601 3075 3652 ἐν

1907 3689 2122 3749 Δελφοῖς
2149 3683 2440 3734 ἀκούσαντα
2469 3684 2549 3733 ὅτι
2578 3683 2637 3733 ἂν
2666 3683 2784 3747 ’ἔλθη
2817 3683 3075 3750 Ἀθήναζε

1906 3768 2140 3835 τεύξεται
2189 3772 2287 3816 τῶν
2327 3768 2498 3828 νόμων,
2532 3766 2823 3828 ἀφικόμενον
2859 3766 2946 3814 καὶ
2981 3764 3075 3818 ἐπὶ

1909 3854 1994 3901 τὸν
2060 3852 2225 3913 βωμὸν
2285 3853 2383 3897 τῶν
2437 3845 2625 3898 δώδεκα
2678 3847 2790 3897 θεῶν
2840 3855 3078 3912 καταφυ-

1907 3935 2069 3995 γόντα
2116 3931 2207 3981 καὶ
2245 3929 2383 3980 οὐδὲν
2424 3925 2578 3987 ἧττον
2616 3928 2710 3979 ὑπὸ
2746 3932 2839 3987 τῆς
2874 3932 3076 3990 πόλεως

1909 4014 2246 4069 &robaudus-m
2283 4012 2509 4072 δικαίως,
2545 4013 2606 4061 τὸ
2641 4013 2740 4075 γὰρ
2775 4017 2873 4061 τῶν
2909 4014 3076 4074 νόμων

1911 4096 2018 4153 τοῖς
2053 4092 2305 4152 ἠδικηκόσι
2336 4096 2517 4157 τυχεῖν
2546 4095 2759 4160 τιμωρία
2788 4090 2946 4145 ἐστίν.
2978 4095 3081 4146 De-

1910 4179 2185 4227 mosthenes
2255 4184 2419 4226 tamen
2484 4176 2823 4226 Callistratum
2879 4192 3080 4242 semper

1911 4259 2084 4308 laudat
2152 4267 2201 4309 et
2269 4261 2465 4310 honoris
2534 4276 2681 4310 causa
2731 4259 2954 4308 nominat
3008 4263 3078 4312 cf.

1911 4342 2095 4392 XVIII.
2127 4342 2241 4401 219,
2273 4342 2404 4393 XIX.
2436 4341 2551 4394 297.
2586 4343 2662 4391 De
2691 4341 2979 4391 Callistrato
3010 4344 3076 4393 cf.

1912 4427 1970 4474 A.
2020 4424 2246 4474 Schaefer
2292 4424 2432 4475 Dem.
2471 4426 2526 4474 1²
2564 4441 2676 4490 pgg.
2714 4425 2774 4473 11
2814 4440 2935 4488 sqq„
2974 4425 3075 4474 106

1912 4524 2032 4572 sqq„
2070 4506 2350 4558 130-137.

1981 4588 2084 4652 §47
2133 4588 2523 4646 Κάλλιππος
2571 4588 2597 4636 δ
2643 4588 2960 4652 Φίλωνος]
3008 4589 3082 4638 le·

1914 4679 2055 4737 gatus
2078 4672 2408 4730 Timomachi,
2437 4678 2608 4737 postea
2625 4687 2720 4720 non
2739 4669 2901 4719 minus
2922 4688 3077 4734 quam

1915 4756 2002 4804 ille
2050 4755 2110 4803 ab
2158 4754 2458 4819 Apollodoro
2507 4761 2580 4804 est
2624 4759 2875 4803 accusatus
2891 4791 2903 4812 ,
2943 4754 3077 4805 circa
