3350 5417
1877 640 1963 707 34

724 821 1117 896 κατέστησαν
1165 821 1435 903 διάδοχοι
1484 821 1884 902 Μνησίλοχός
1933 846 2004 887 τε
2044 823 2071 887 ὂ
2114 823 2452 903 Περιθοίδης
2494 823 2596 889 καὶ
2641 825 3058 906 Φρασιηρίδης
3105 826 3136 889 ὂ

722 929 1203 1009 Ἀναφλύστιος.
1267 931 1373 993 οὐκ
1421 930 1866 1009 άΦικνουμένου
1914 930 1977 994 δὲ
2022 934 2129 995 τοῦ
2179 931 2567 1010 Φρασιηρίδου
2616 931 2715 995 ἐπὶ
2762 934 2873 1008 την
2927 936 3132 1007 ναῦν,

724 1035 752 1099 ὃ
800 1036 1195 1116 Μνησίλοχος
1247 1035 1428 1100 ἐλθὼν
1475 1038 1557 1106 εἷς
1605 1037 1715 1112 την
1764 1035 1970 1101 Θάσον
2014 1034 2343 1116 παρέλαβέ
2382 1060 2452 1101 τε
2494 1038 2667 1117 παρὰ
2707 1041 2813 1102 τοῦ
2854 1035 3137 1117 Ἀγνίου

622 1154 687 1202 42
721 1141 831 1214 την
876 1141 1115 1225 τριήρη,
1166 1140 1270 1205 καὶ
1319 1141 1389 1205 τὸ
1432 1141 1968 1223 ἐπιτριηράρχημα
2016 1141 2297 1207 άπέδωκε
2345 1144 2429 1224 τῷ
2478 1143 2707 1227 Ἁγνίᾳ
2745 1148 2851 1210 τοῦ
2898 1144 3139 1225 χρόνου

719 1243 787 1313 οὗ
853 1248 1245 1322 ἐπανήλωσεν
1304 1247 1448 1326 ὑπὲρ
1497 1248 1736 1326 αὐτῶν,
1787 1246 1920 1315 ὅσον
1968 1246 2208 1327 ἔπεισε,
2256 1249 2364 1314 καὶ
2413 1249 2498 1315 τά
2546 1250 2733 1326 σκεύη
2780 1251 2968 1331 παρὰ
3020 1256 3136 1317 τοῦ

716 1354 970 1432 Ἀγνίου
1020 1354 1434 1433 ἐμισθώσατο,
1484 1353 1586 1419 καὶ
1640 1356 1825 1427 αὐτὸς
1868 1354 2269 1435 ἐτριηράρχει.
2311 1353 2555 1435 ὕστερον
2595 1355 2649 1421 δ’
2689 1357 2742 1420 οἱ
2785 1358 2973 1436 παρὰ
3018 1361 3136 1422 τοῦ

721 1460 1113 1540 Φρασιηρίδου
1182 1459 1458 1533 ἐλθόντες
1521 1461 1637 1525 τῶν
1702 1485 1771 1526 τε
1836 1460 2241 1537 ἀνηλωμένων
2302 1462 2372 1527 τὸ
2433 1461 2609 1543 μέρος
2662 1461 2989 1527 άπέδοσαν
3043 1463 3134 1543 τῷ

719 1566 1131 1647 Μνησιλόχῳ,
1196 1566 1300 1631 καὶ
1358 1571 1466 1632 τοῦ
1515 1572 1731 1632 λοιποῦ
1778 1566 1994 1646 χρόνου
2040 1563 2155 1633 ὅσα
2208 1568 2397 1634 ἐδεῖτο
2444 1570 2530 1640 εἷς
2579 1570 2687 1645 τὴν
2733 1573 2885 1634 ναῦν
2937 1594 3136 1635 συνα-
3167 1594 3291 1643 1220

718 1673 1015 1746 νήλισκον.
1063 1673 1168 1738 καὶ
1217 1695 1319 1750 μοι
1369 1673 1595 1740 τούτων
1644 1672 1952 1752 α’νάγνωθι
2001 1674 2111 1748 την
2157 1674 2516 1756 μαρτυρίαν.

1748 1892 2089 1936 ΜΑΡΤΤΡῙΑ.

617 2057 682 2105 43
800 2031 979 2104 Ἴσως
1042 2026 1141 2097 οὖν
1204 2028 1245 2095 ὦ
1308 2029 1517 2108 ἄνδρες
1580 2031 1870 2096 δικασταὶ
1939 2031 2179 2096 ποθεῖτε
2243 2031 2541 2110 άκοῦσαι,
2605 2030 2708 2095 διά
2762 2030 2830 2094 τί
2876 2052 3043 2095 ποτε
3098 2034 3129 2098 ὃ

715 2137 1063 2218 στρατηγὸς
1110 2137 1217 2201 οὐκ
1264 2136 1584 2217 ἠνάγκαζε
1632 2141 1844 2201 τοῦτον
1885 2136 2416 2215 παραλαμβάνειν
2455 2138 2563 2211 τὴν
2603 2140 2783 2214 ναῦν,
2822 2136 3131 2217 διάδοχον

718 2241 938 2319 ἥκοντα
987 2245 1087 2307 ἐπ’
1134 2244 1362 2327 αὐτήν,
1413 2248 1530 2307 τῶν
1577 2242 1768 2319 νόμων
1817 2241 2005 2316 οὕτως
2049 2244 2308 2323 ἰσχυρῶν
2347 2241 2548 2307 ὄντων.
2591 2241 2723 2322 περὶ
2765 2241 2836 2316 δὴ
2877 2243 3127 2310 τούτων

714 2349 1026 2427 βούλομαι
1079 2351 1240 2425 ὑμᾶς
1291 2353 1509 2431 σαφῶς
1560 2347 1809 2424 διδάξαι
1851 2351 1919 2415 τὸ
1961 2348 2173 2413 αἴτιον.
2217 2348 2598 2428 Τιμόμαχος
2641 2350 2768 2428 γάρ
2810 2344 2853 2411 ὦ
2898 2348 3126 2430 ἄνδρες

712 2454 1004 2520 δικασταὶ
1070 2457 1300 2534 πρῶτον
1347 2455 1460 2533 μὲν
1512 2454 1807 2536 ἐβούλετο
1858 2449 1924 2519 εὖ
1974 2453 2521 2536 κατεσκευασμένη
2568 2463 2643 2536 τῇ
2689 2454 2916 2533 τριήρει
2965 2457 3125 2535 πρὸς

615 2583 682 2629 44
714 2558 975 2625 ἅπαντα
1022 2560 1309 2640 χρῆσθαι.
1362 2560 1519 2643 ᾔδειν
1566 2557 1660 2626 οὖν
1712 2558 1804 2625 ὅτι
1851 2556 2021 2633 οὗτος
2072 2561 2184 2637 μὲν
2234 2561 2625 2641 παραλαβὼν
2665 2560 2860 2634 αὐτὴν
2902 2568 3122 2636 κακῶς

714 2666 942 2745 ἔμελλε
1006 2668 1488 2749 τριηραρχήσειν·
1558 2666 1699 2732 οὔτε
1754 2668 1882 2747 γάρ
1930 2669 2012 2748 τῷ
2060 2668 2554 2747 τριηραρχήματι
2604 2665 2743 2731 οὔτε
2793 2675 2923 2738 τοῖς
2976 2671 3126 2734 ἑπι-

781 2867 803 2925 §
839 2865 899 2913 41
942 2862 1340 2928 Ἀναφλύστιος]
1372 2863 1718 2926 &vacuom-104
1753 2865 1800 2914 S.
1838 2893 1901 2902 —
1939 2863 2321 2929 άφικνουμένου]
2356 2863 2657 2925 ἀφικομένου
2694 2865 2752 2913 A.
2787 2892 2853 2902 —

780 2946 900 3007 §42
935 2947 995 2995 τὸ
1046 2944 1501 3012 ἐπιτριηράρχημα]
1551 2947 1610 2995 τὸ
1660 2964 1757 2997 om.
1805 2948 1852 2997 S.
1890 2974 1960 2985 -—
2002 2944 2252 3011 ἐλθόντες]
2296 2944 2522 3003 ἐλθόντος
2568 2946 2738 3011 SFQ„
2789 2974 2855 2984 —
2912 2949 3130 3007 συνανή-

715 3028 915 3092 λισκον]
951 3045 1002 3084 νη
1040 3045 1186 3093 supra
1222 3044 1267 3078 v,
1304 3045 1350 3078 a.
1385 3045 1450 3078 m.
1484 3045 1558 3094 pr.
1596 3029 1646 3078 S.
1678 3056 1748 3068 —

713 3204 842 3253 XLI.
874 3204 938 3251 20
967 3205 1029 3253 cf.
1059 3220 1200 3269 porro
1231 3204 1378 3269 Soph.
1408 3204 1488 3252 Ai.
1520 3205 1601 3263 66,
1621 3204 1869 3269 Aristoph.

715 3286 805 3350 Eq.
857 3286 971 3345 260,
1019 3286 1155 3335 Plut.
1203 3285 1316 3345 948,
1362 3285 1514 3336 Thuc.
1550 3285 1635 3336 IV.
1672 3287 1785 3336 102.
1821 3290 1867 3335 4,

712 3368 965 3431 Nusquam
1011 3373 1175 3417 tamen
1222 3368 1387 3416 inveni
1431 3369 1523 3417 hoc
1569 3384 1672 3418 voc.
1725 3385 1867 3418 sensu

709 3452 868 3499 clarus
902 3455 1192 3514 usurpatum
1228 3455 1283 3498 ut
1316 3449 1473 3498 lexica
1505 3451 1724 3500 tradunt.

777 3535 800 3593 §
837 3533 901 3580 42
956 3531 1030 3580 De
1080 3531 1324 3596 personis,
1370 3533 1446 3581 his
1492 3536 1540 3595 §§
1577 3533 1868 3594 nominatis,

707 3613 834 3663 nihil
883 3614 1134 3674 novimus,
1187 3615 1388 3663 observa
1454 3620 1618 3664 autem
1667 3615 1868 3665 nomina

708 3696 906 3761 propria
940 3697 1143 3757 iterata,
1176 3702 1232 3745 ut
1265 3714 1441 3746 nomeu
1475 3697 1679 3758 Diniae,
1716 3699 1868 3748 soceri

710 3779 1028 3844 Apollodori,
1057 3780 1131 3828 bis
1162 3779 1367 3828 iteratur
1397 3781 1458 3828 cf.
1489 3783 1535 3842 §§
1566 3781 1646 3840 24,
1675 3781 1755 3840 26,
1785 3779 1867 3841 27,

709 3862 796 3910 ubi
840 3877 1104 3926 pronomen
1153 3862 1390 3911 sufficeret
1436 3868 1484 3910 et
1530 3865 1553 3923 §
1589 3862 1650 3910 26
1688 3862 1866 3911 iterum

708 3944 919 3993 affinitas
947 3944 1144 3993 additur
1165 3983 1178 4004 ,
1208 3946 1267 3993 cf.
1299 3944 1427 4008 Sigg.
1458 3943 1546 4003 1.1.,
1577 3960 1658 4008 pg.
1678 3944 1774 3992 426
1794 3961 1864 4008 sq.

774 4026 887 4074 καί
926 4043 1036 4091 μοι
1084 4023 1335 4075 τούτων
1380 4023 1703 4086 ἀνάγνωθι
1749 4025 1864 4082 τὴν

707 4108 1105 4172 μαρτυρίαν]
1175 4107 1524 4156 Demosthenes
1592 4123 1701 4156 raro
1771 4108 1864 4156 hac

707 4190 918 4238 formula
955 4190 1109 4238 utitur
1144 4206 1241 4238 non
1276 4190 1534 4238 coniuncta
1571 4205 1681 4237 cum
1716 4190 1862 4238 verbo

708 4269 1012 4332 λαμβάνειν,
1061 4273 1121 4320 cf.
1157 4271 1303 4319 XXX.
1342 4273 1404 4320 18
1440 4277 1489 4320 et
1524 4270 1743 4319 XXXVI.
1783 4271 1860 4330 56,

705 4352 989 4417 plerumque
1034 4353 1307 4402 invenimus
1343 4352 1473 4414 λαβὲ
1504 4350 1587 4400 καὶ
1618 4350 1860 4414 ἀνάγνωθι

705 4434 783 4482 vel
828 4433 1067 4498 ἀνάγνωθι
1114 4434 1297 4497 λαβών.
1345 4435 1590 4484 Indicium
1636 4438 1710 4482 est
1741 4449 1860 4482 num

707 4516 864 4565 oratio
904 4515 1221 4567 Demostheni
1254 4518 1318 4567 sit
1351 4516 1611 4568 tribuenda
1648 4531 1737 4564 nec
1771 4532 1858 4575 ne,

1949 3209 2004 3252 ut
2055 3219 2230 3252 navem
2285 3203 2525 3268 acciperet
2573 3204 2634 3252 ab
2681 3204 2987 3269 Apollodoro
3035 3209 3123 3269 (cf.

1949 3289 1971 3347 §
2007 3286 2088 3346 31)
2132 3290 2182 3333 et
2231 3285 2331 3333 iam
2378 3285 2647 3350 perspicere
2692 3286 2811 3335 licet
2845 3288 3127 3352 Apollodo-

1947 3383 2055 3415 rum
2091 3366 2407 3415 Timomacho
2443 3368 2577 3416 haud
2609 3368 2901 3418 benevolum
2935 3371 3121 3433 fuisse,

1948 3456 2003 3499 ut
2052 3466 2149 3498 non
2193 3449 2424 3498 miremur
2474 3451 2602 3514 quod
2646 3467 2758 3500 eum
2802 3451 2933 3502 inter
2978 3471 3123 3504 accu—

1946 3537 2128 3580 satores
2170 3531 2393 3580 Autoclis
2407 3570 2420 3591 ,
2454 3531 2679 3581 Menouis
2718 3539 2767 3582 et
2798 3533 3118 3586 Timomachi

1945 3613 2266 3663 inveniamus.

2012 3694 2156 3755 περὶ
2209 3693 2278 3751 δὴ
2333 3692 2698 3743 τούτων-
2741 3698 2812 3744 τὸ
2859 3696 3115 3766 α’ίτιον]

1943 3794 2052 3827 raro
2122 3778 2377 3842 scriptores
2452 3777 2580 3825 hanc
2644 3777 2908 3828 dictionem
2977 3799 3117 3832 usur-

1942 3866 2088 3924 pant,
2137 3860 2366 3909 usitatius
2415 3865 2488 3908 est
2532 3857 2719 3908 τούτου
2756 3857 2811 3908 δὲ
2846 3862 2907 3910 τδ
2946 3862 3113 3914 olla-10⁹

1945 3947 2001 3991 ut
2035 3946 2058 4004 §
2095 3943 2175 3992 31.
2209 3943 2393 3991 Similis
2427 3942 2544 3990 huic
2577 3942 2684 3991 loco
2713 3948 2786 3992 est
2810 3943 2989 3995 XLIX.
3029 3949 3111 3996 59.

2009 4029 2256 4085 πρῶτον
2325 4024 2465 4089 μὲν]
2534 4040 2705 4073 causas
2767 4026 3112 4091 indulgentiae

1942 4106 2244 4156 Timomachi
2294 4124 2608 4167 enumerans,
2652 4108 2813 4172 pergit
2862 4125 2977 4158 cum
3025 4110 3108 4160 ’ἔτι

1942 4184 1998 4243 δὲ,
2044 4190 2163 4249 πρὸς
2197 4186 2396 4246 τούτοις
2432 4195 2481 4238 et
2514 4207 2626 4239 mox
2661 4190 2777 4250 πρὸς
2812 4187 2868 4238 δὲ
2904 4190 3108 4255 τούτῳ,

1940 4270 2089 4319 etiam
2127 4270 2241 4320 LII.
2278 4272 2357 4330 16,
2391 4272 2474 4321 sed
2509 4272 2655 4336 vulgo
2695 4272 2914 4336 sequitur
2952 4275 3108 4324 etiam

1940 4353 2070 4416 apud
2105 4358 2324 4402 nostrum
2360 4351 2540 4402 ’ἔπειτα
2574 4350 2682 4416 (δὲ).

2006 4437 2029 4495 ς
2061 4436 2128 4483 44
2161 4432 2650 4503 τριηράρχημα]
2699 4436 2749 4485 h.
2784 4435 2821 4485 l.
2866 4435 3108 4489 inusitate

1936 4531 2022 4580 pro
2053 4516 2342 4573 κατασκεύη
2357 4554 2369 4574 ,
2401 4517 2578 4565 Reiske
2596 4516 2804 4566 coniecit
2821 4517 3098 4581 πλήρωμα,

1935 4600 1958 4658 §
1978 4598 2043 4646 84
2060 4615 2131 4662 sq.
2150 4598 2279 4647 enim
2295 4598 2518 4664 Polycles
2530 4599 2829 4664 Apollodoro
2852 4599 3028 4652 luxum
3048 4603 3101 4653 in

1933 4678 2215 4729 instruenda
2244 4680 2360 4729 navi
2395 4682 2719 4747 exprobravit,
2754 4688 2804 4732 et
2818 4683 3103 4736 luxuriosos

1933 4761 2135 4827 remiges
2152 4801 2164 4822 ,
2211 4769 2386 4812 nautas
2420 4764 2697 4829 militesque
2734 4764 3031 4817 classiarios.

705 4600 768 4648 cf.
803 4599 933 4663 Sigg.
966 4599 1040 4649 l.l.
1075 4600 1170 4649 431
1202 4616 1305 4665 sqq.

771 4684 792 4743 §
827 4682 890 4730 43
939 4682 1116 4732 Orator
1152 4683 1388 4747 promisso
1421 4687 1521 4732 stat
1555 4686 1604 4730 et
1635 4679 1858 4729 narrabit

703 4780 787 4812 cur
838 4765 1181 4815 Timomachus
1224 4766 1475 4831 Polyclem
1522 4781 1618 4814 non
1663 4767 1856 4828 cogeret
