3350 5417
1837 629 1921 696 16

680 810 961 894 ἑκάστῳ,
1011 814 1246 892 ἀπορῶν
1294 811 1347 875 δ’
1398 810 1586 884 αὐτὸς
1632 813 1710 885 ὥς
1759 812 1856 888 μὰ
1905 811 2008 877 τὸν
2058 813 2183 878 Δία
2234 813 2335 877 καὶ
2385 815 2489 879 τὸν
2536 813 2830 879 Ἀπόλλω
2879 816 3082 887 οὐδεὶς

684 916 762 983 ἂν
823 920 1230 997 πιστεύσειεν,
1278 914 1447 989 ὅστις
1494 919 1582 996 μη
1631 918 1870 993 ἀληθῶς
1918 918 2413 998 παρηκολούθηκε
2460 927 2588 992 τοῖς
2638 921 2807 998 ἐμοῖς
2856 921 3085 1002 πραγ-

683 1047 898 1101 μασιν.
949 1022 1185 1098 ὑποθεὶς
1235 1022 1296 1087 δὲ
1346 1022 1416 1087 τὸ
1463 1024 1679 1103 χωρίον
1732 1025 2119 1107 Θρασυλόχῳ
2168 1024 2273 1089 καὶ
2328 1024 2662 1110 ’Λρχένεῳ,
2715 1027 2820 1091 καὶ
2873 1027 3084 1106 δανει-

684 1129 949 1207 σάμενος
1013 1129 1346 1209 τριάκοντα
1403 1133 1566 1206 μνοῖς
1629 1131 1779 1209 παρ’
1841 1131 2044 1195 αὑτῶν
2109 1131 2212 1194 καὶ
2279 1130 2517 1203 διαδοὺς
2583 1139 2709 1204 τοῖς
2773 1134 3081 1218 ναύταις,

684 1233 939 1316 ᾠχόμην
1003 1232 1430 1316 ἀναγόμενος,
1495 1230 1592 1298 ἵνα
1659 1234 1851 1312 μηδὲν
1912 1237 2189 1301 ἐλλείποι
2253 1240 2337 1317 τῷ
2387 1236 2558 1317 δήμῳ
2607 1234 2683 1303 ὧν
2729 1238 3084 1318 προσέταξε

684 1340 754 1406 τὸ
803 1346 946 1405 κατ’
995 1341 1128 1417 ἐμέ.
1173 1341 1277 1406 καὶ
1331 1342 1359 1405 ὃ
1411 1340 1600 1417 δῆμος
1650 1342 1924 1414 ἀκούσας
1973 1347 2185 1409 ταῦτα
2237 1343 2496 1427 ἐπῄνεσέ
2542 1343 2612 1409 τέ
2656 1367 2774 1422 με,
2826 1346 2932 1412 καὶ
2974 1346 3084 1410 ἐπὶ

685 1445 920 1512 δεῖπνον
980 1447 1067 1517 εἷς
1131 1449 1201 1512 τὸ
1266 1455 1626 1527 πρυτανεῖον
1691 1447 2008 1514 ἐκάλεσεν.
2076 1449 2180 1514 καὶ
2224 1451 2323 1522 -ὦς
2386 1454 2569 1515 ταῦτ’
2619 1451 2815 1526 ἀληθῆ
2864 1451 3034 1531 λέγω
3060 1504 3082 1527 ,

681 1554 910 1620 τούτων
935 1553 1078 1630 ὑμῖν
1102 1553 1541 1632 ἀναγνώσεται
1565 1555 1678 1629 την
1701 1554 2044 1635 μαρτυρίαν
2068 1554 2173 1620 καὶ
2199 1555 2268 1618 τὸ
2293 1555 2606 1637 ψήφισμα
2632 1557 2700 1621 τὸ
2725 1561 2830 1621 τοῦ
2861 1557 3082 1635 δήμου.

1535 1741 1874 1785 ΜΑΡἸῪΡΙΑ.
1911 1741 2230 1785 ΨΗΦῙΣΜΑ.

585 1890 650 1939 14
774 1865 1025 1942 Ἐπειδὴ
1090 1866 1287 1931 τοίνυν
1352 1866 1434 1938 εἷς
1489 1866 1948 1939 Ἑλλήσποντον
2000 1865 2280 1944 ἤλθομεν,
2331 1866 2437 1930 καὶ
2487 1863 2524 1932 δ’
2567 1891 2635 1932 τε
2682 1867 2895 1949 χρόνος
2945 1868 3091 1945 ἕξε-

681 1972 931 2048 ληλύθει
980 1995 1081 2048 μοι
1131 1979 1241 2047 τῆς
1289 1972 1728 2052 τριηραρχίας,
1784 1971 1887 2034 καὶ
1939 1971 2151 2046 μισθὸς
2199 1974 2308 2036 οὐκ
2359 1971 2627 2048 ἀπεδόθη
2667 1980 2793 2045 τοῖς
2832 1998 3085 2054 στρατι-

747 2142 770 2202 5
804 2139 867 2189 13
913 2136 1069 2195 οὐδεὶς
1115 2136 1174 2187 ἂν
1221 2137 1387 2203 Blass]
1433 2134 1590 2193 οὐδεὶς
1626 2135 1685 2185 ἄν
1720 2153 1805 2197 μοι
1840 2136 1872 2185 S
1908 2141 1958 2186 et
1996 2153 2059 2199 γρ
2098 2136 2175 2201 Q„
2213 2134 2369 2194 οὗδεῖς
2407 2137 2467 2187 ἂν
2504 2136 2638 2200 ὑμῶν
2674 2155 2721 2189 v.
2755 2167 2823 2177 —
2861 2138 3090 2207 ἀληθῶς]

678 2222 890 2285 ἀκριβῶς
936 2238 980 2271 v.
1029 2220 1320 2271 Herwerden
1367 2219 1554 2270 Mnem.
1602 2218 1751 2271 1875.
1784 2247 1850 2257 ·-
1888 2216 2082 2276 ὑποθεὶς
2129 2216 2184 2267 δὲ
2217 2219 2397 2284 SFQ:
2437 2216 2640 2278 ὑποθεὶς.
2675 2247 2744 2260 —
2770 2217 2978 2270 ἐλλίποι
3001 2223 3086 2287 Q„

680 2307 764 2356 sed
798 2306 860 2355 cf.
897 2307 920 2367 5
957 2306 1018 2354 59
1056 2300 1371 2359 ἐλλείπηται.
1405 2329 1472 2341 -
1499 2300 1783 2365 προσέταξε
1820 2301 1879 2349 τὸ
1916 2301 2035 2349 κατ’
2072 2297 2189 2366 ἐμέ]
2226 2300 2578 2367 προσετάξατε
2611 2302 2728 2351 κατ’
2765 2298 2862 2365 ἐμέ
2894 2302 2927 2351 8
2960 2304 3000 2352 F
3019 2305 3084 2371 Q.

682 2482 770 2528 ροος
797 2463 951 2528 ἔχων,
993 2465 1058 2513 49
1093 2460 1196 2512 οὐδ’
1231 2461 1291 2512 ἂν
1324 2460 1632 2525 ἀγνοήσαιτε
1666 2465 1717 2510 et
1751 2458 1837 2509 οὐκ

681 2546 892 2609 ἀπείρως
928 2546 1165 2620 ἔχοντες,
1200 2549 1250 2595 et
1278 2543 1417 2594 Dem.
1448 2542 1649 2603 XXVII,
1668 2540 1732 2593 27
1751 2539 1837 2591 οὐκ

685 2629 861 2691 ἄπορος
895 2630 956 2679 cf.
992 2628 1168 2678 Straub
1204 2643 1284 2693 ΡΒ.
1320 2628 1385 2676 14
1401 2643 1489 2692 sq.,
1528 2624 1831 2675 'Volkmann'

681 2728 766 2777 ΡΒ.
797 2712 896 2761 434
929 2728 1002 2776 sq.

748 2792 856 2843 οὒκ
952 2792 1200 2855 ἀγνοῶν
1296 2790 1411 2848 τὴν
1507 2792 1837 2852 παροῦσαν

679 2876 938 2940 χρείαν,
985 2873 1060 2931 ὥς
1093 2872 1433 2937 ἀναγκαία
1467 2869 1557 2938 ἦν]
1591 2872 1839 2935 Antio-ipa-

678 2959 749 3009 tio
800 2958 859 3008 cf.
905 2957 968 3006 ad
1019 2959 1042 3019 5
1077 2955 1109 3004 2
1159 2952 1406 3018 διηγῶμαι
1442 2952 1511 3003 τά
1548 2970 1607 3003 τε
1641 2951 1836 3003 ἀναλίο-

678 3056 825 3102 ματα
857 3044 951 3089 cet.

745 3124 829 3184 μα
881 3122 991 3171 τὸν
1036 3118 1159 3168 Δία
1206 3116 1317 3168 καὶ
1361 3118 1470 3167 τὸν
1519 3117 1836 3183 Ἀπόλλω]

676 3205 1053 3255 Demosthenem
1094 3206 1285 3267 praeter
1331 3199 1455 3249 alios
1503 3205 1718 3249 oratores
1753 3199 1839 3248 im-

675 3286 978 3354 precatione,
1012 3283 1297 3350 praesertim
1331 3282 1382 3331 in
1416 3281 1718 3332 orationibus
1753 3297 1838 3346 pu-

676 3369 844 3429 blicis,
878 3383 1021 3417 usum
1054 3383 1157 3416 esse
1194 3369 1411 3424 constat,
1446 3364 1498 3413 in
1535 3363 1836 3413 orationibus

676 3451 882 3518 privatis
941 3451 1086 3499 modo
1148 3446 1403 3498 duodecies
1451 3446 1578 3495 hanc
1629 3447 1836 3511 figuram

677 3538 883 3599 usurpat
895 3570 908 3592 ‚
934 3547 1122 3597 semper
1139 3530 1308 3580 Iovem
1325 3529 1556 3579 invocans
1575 3529 1652 3578 vel
1670 3545 1835 3578 omnes

677 3618 809 3667 deos.
844 3613 1136 3680 Imprecatio
1170 3617 1334 3662 tamen
1368 3610 1527 3676 qualis
1561 3615 1729 3660 nostra
1761 3618 1837 3660 ter

676 3704 871 3749 tantum
937 3695 1210 3754 invenitur,
1275 3693 1421 3758 idque
1482 3694 1614 3757 apud
1674 3693 1836 3742 solum

676 3787 924 3839 nostrum,
974 3778 1067 3827 hoc
1108 3777 1251 3836 loce,
1300 3779 1322 3838 5
1359 3776 1390 3824 2
1437 3779 1488 3824 et
1533 3774 1644 3834 LII,
1694 3776 1739 3825 9.
1772 3776 1834 3825 cf.

679 3863 809 3929 Sigg.
840 3878 920 3928 ΡΒ.
955 3862 1071 3917 421,
1104 3859 1282 3909 Straub
1316 3874 1396 3924 pg.
1434 3857 1515 3907 89.

745 3940 1300 4007 παρηκολούθηκε]
1361 3937 1690 4004 metaphorice
1741 3939 1835 3987 hoc

678 4029 880 4079 verbum
925 4026 1193 4091 significat,
1236 4026 1390 4072 mente
1421 4022 1556 4086 sequi
1589 4020 1721 4084 atqd.
1755 4020 1833 4069 Sic

676 4111 826 4160 etiam
860 4109 1002 4159 Dem.
1036 4106 1211 4157 XXIV.
1250 4106 1330 4165 10,
1364 4103 1540 4167 (Dem.)
1573 4102 1756 4152 XLIII.
1787 4102 1833 4162 1,

677 4192 726 4252 2,
742 4192 823 4252 23,
847 4190 976 4241 LVI.
998 4194 1046 4247 4,
1072 4189 1200 4239 LIX.
1220 4189 1283 4237 98
1313 4192 1363 4237 et
1388 4185 1674 4252 praesertim
1703 4184 1833 4249 apud

675 4273 880 4323 Stoicos.

745 4353 1003 4412 ὑποθεὶς
1056 4355 1127 4403 τὸ
1175 4350 1438 4417 χωρίον]
1485 4348 1721 4399 articulus
1756 4349 1834 4397 de-

675 4443 916 4487 monstrat
941 4436 1237 4486 mentionem
1255 4433 1360 4484 fieri
1381 4431 1570 4498 praedii
1588 4430 1830 4480 iudicibus

675 4519 806 4576 noti,
836 4524 973 4584 patet
1001 4535 1057 4567 ex
1089 4517 1231 4567 Dem.
1248 4513 1467 4565 XXXVI.
1487 4514 1551 4562 34
1568 4512 1832 4577 Apollodo-

675 4617 782 4651 rum
811 4602 1082 4651 hereditate
1110 4599 1351 4665 accepisse
1381 4614 1410 4647 a
1437 4601 1576 4661 patre
1597 4611 1686 4644 suo
1706 4594 1831 4643 insu·

674 4684 777 4733 lam
811 4683 1122 4747 (συνοικίαν),
1154 4682 1282 4731 hanc
1315 4696 1427 4745 ergo
1459 4676 1647 4743 pignori
1680 4676 1829 4726 dedit.

742 4762 1072 4830 ἐλλείποι]
1122 4760 1379 4815 ἐλλείπειν
1426 4767 1578 4809 trans.
1613 4763 1831 4822 praeter-

1915 2460 2127 2520 mittere,
2187 2477 2317 2525 pass.
2368 2466 2418 2511 et
2470 2461 2583 2511 intr.
2638 2463 2864 2527 deficere,
2917 2465 3089 2515 deesse

1915 2543 2095 2607 officio,
2130 2539 2362 2595 ἐλλείπει
2399 2544 2595 2609 impers.
2629 2544 2809 2610 deficit.

1982 2626 2053 2674 τὸ
2091 2625 2238 2675 κατ’·
2268 2621 2409 2691 ἐμέ]
2434 2643 2529 2690 pro
2560 2643 2663 2675 mea
2668 2630 3087 2690 parte,nonnun·

1916 2723 2062 2773 quam
2124 2724 2235 2756 cum
2286 2708 2537 2758 Infinitive
2590 2703 2717 2760 εῖναι
2768 2709 3086 2775 coniungitur

1915 2791 1977 2840 cf.
2024 2790 2145 2839 Xen.
2191 2790 2349 2839 Anab.
2395 2791 2437 2840 Ι.
2482 2792 2528 2850 6,
2565 2791 2595 2839 9
2629 2790 2689 2839 τό
2724 2792 2859 2840 κατὰ
2896 2795 3083 2841 τοῦτον

1915 2867 2066 2928 εῖναι,
2098 2871 2211 2936 Lys.
2245 2872 2388 2921 XIII.
2420 2872 2499 2932 58,
2534 2872 2655 2921 Xen.
2685 2870 2818 2922 Hell.
2846 2874 2945 2924 III.
2967 2876 3013 2925 Β.
3033 2877 3084 2935 9,

1914 2955 2115 3003 Kiihner
2145 2953 2396 3017 (Gramm.)
2429 2953 2511 3001 11¹
2548 2955 2593 3003 1.
2622 2969 2702 3018 ΡΒ.
2731 2952 2832 3005 272
2861 2973 2978 3006 ann.
2997 2958 3080 3007 16.

1982 3030 2089 3083 ἐπὶ
2134 3032 2397 3086 δεῖπνον
2431 3034 2526 3092 εἷς
2562 3036 2633 3084 τὸ
2674 3040 3077 3096 πρυτανεῖον

1916 3112 2286 3182 ἐκάλεσεν],
2342 3116 2405 3165 ad
2456 3132 2658 3166 coenam
2704 3117 2958 3181 publicam
3004 3126 3078 3170 est

1916 3204 2115 3248 vocatus
2152 3200 2213 3247 ob
2248 3199 2424 3248 merita
2451 3215 2541 3248 sua
2573 3200 2636 3249 cf.
2663 3198 2989 3252 Wachsmuth
3004 3202 3081 3253 1.1.

1914 3280 1957 3330 Ι.
1995 3296 2073 3345 ΡΒ.
2114 3281 2208 3329 506
2245 3297 2309 3329 an
2345 3281 2393 3330 3.

1966 3361 2037 3419 ὧς
2076 3363 2256 3411 ταῦτ’
2284 3361 2477 3420 ἀληθῆ
2507 3363 2668 3427 λε’γοο
2695 3361 3079 3431 xvfflcfiadsso.

1964 3447 1987 3507 5
2026 3445 2105 3494 14.
2160 3444 2235 3493 Ne
2278 3445 2454 3509 longus
2500 3445 2566 3495 sit
2609 3451 2773 3496 orator
2814 3454 2982 3498 noster
3026 3449 3080 3500 in

1912 3527 2005 3576 hac
2036 3528 2345 3592 paragrapho
2378 3533 2429 3577 et
2462 3529 2683 3593 sequenti
2718 3529 2885 3579 omnia
2915 3531 3049 3581 facta
3070 3570 3086 3592 ‚

1914 3626 2036 3675 quae
2081 3609 2409 3658 enumeranda
2454 3626 2556 3659 esse
2600 3615 2769 3675 putat,
2802 3612 3081 3677 participiis

1912 3692 2052 3742 iuxta
2085 3692 2258 3758 positis
2293 3692 2521 3758 exponit,
2550 3693 2679 3758 quod
2709 3694 3080 3759 compositionis

1912 3790 2063 3839 genus
2113 3774 2255 3824 valde
2301 3779 2461 3834 amat,
2507 3775 2701 3825 etiamsi
2734 3776 2965 3826 deformis
2998 3793 3083 3842 pe·

1912 3856 2077 3906 riodus
2124 3860 2270 3921 atque
2314 3856 2548 3906 inhabilis
2589 3858 2790 3917 evadat,
2829 3858 2893 3908 cf.
2926 3858 3076 3908 huius

1912 3938 2147 3988 orationis
2199 3942 2246 4000 §§
2295 3939 2324 3986 6
2371 3953 2492 4003 sqq„
2542 3937 2604 3990 17
2641 3954 2712 4003 sq.
2758 3939 2842 3998 22,
2884 3940 2952 3988 24
2985 3956 3076 4005 sq.,

1912 4019 2094 4069 XLVII
2133 4020 2211 4079 51,
2242 4020 2323 4080 63,
2354 4019 2509 4069 XLIX
2540 4021 2569 4068 6
2600 4036 2721 4085 sqq„
2751 4021 2812 4070 16
2843 4037 2932 4084 sq.,
2958 4021 3074 4071 LIX

1909 4102 2091 4168 passim
2134 4102 2421 4168 praesertim
2463 4106 2485 4164 5
2521 4102 2584 4151 62
2620 4108 2669 4152 et
2703 4106 2725 4164 5
2762 4102 2844 4162 63,
2876 4103 2964 4152 nbi
2996 4104 3077 4153 de-

1910 4200 2014 4234 cem
2070 4184 2331 4249 participia
2381 4184 2518 4234 iuxta
2569 4184 2731 4249 posita
2778 4190 2907 4254 eunt.
2959 4185 3073 4236 Vid.

1908 4266 2040 4331 Sigg.
2073 4283 2157 4332 ΡΒ.
2192 4266 2307 4326 428,
2341 4265 2571 4330 Lortzing
2603 4282 2685 4331 ΡΒ.
2721 4266 2800 4315 36.

1976 4345 2231 4412 ἐπειδή]
2266 4349 2328 4397 cf.
2363 4349 2427 4397 ad
2461 4351 2483 4410 5
2519 4348 2601 4397 24.

1977 4428 2084 4479 καὶ
2123 4429 2352 4495 μισθὸς
2395 4429 2501 4480 οὐκ
2540 4428 3070 4487 ἀπεδόθη-ἀλλ’

1906 4509 1936 4569 ³)
1973 4509 2148 4561 δυοῖν
2196 4513 2441 4578 μηνοῖν]
2476 4513 2535 4562 de
2562 4514 2657 4563 hac
2682 4511 3068 4562 conformatione

1906 4594 1969 4643 cf.
2006 4594 2068 4643 ad
2103 4598 2125 4656 ς
2162 4594 2208 4647 7.

1974 4676 2114 4732 τοῖς
2177 4675 2652 4743 στρατιώταις]
2715 4693 2887 4742 nempe
2951 4678 3069 4734 ταῖς

1907 4755 2193 4819 ὑπηρεσίαις
2228 4757 2316 4806 καὶ
2350 4760 2457 4816 τοῖς
2494 4755 2779 4822 ἐπιβάταις.
