3350 5417
714 652 781 696 VI
1675 652 2119 703 INTRODUCTIO.

706 818 1123 882 momachum
1141 865 1156 895 ,
1223 816 1594 903 Callippum
1612 866 1629 896 ,
1695 818 2041 884 Menonem
2059 868 2075 896 ,
2138 817 2483 883 Autoclem
2547 824 2611 883 et
2671 818 3098 883 Timotheum

705 924 774 986 in
831 925 934 987 ius
997 943 1249 988 vocasse
1280 921 1347 1001 ¹),
1412 926 1788 1008 priusquam
1852 927 2190 1009 negotium
2255 945 2449 988 suum
2524 926 2777 1009 egisset.
2852 922 3100 988 Omnes

709 1028 824 1092 has
885 1027 1035 1093 lites
1095 1033 1266 1093 actas
1325 1049 1460 1093 esse
1521 1032 1691 1094 intra
1759 1028 1856 1093 01.
1913 1028 2105 1094 105.1
2158 1027 2345 1109 (360)
2392 1033 2457 1094 et
2503 1028 2602 1093 Ol.
2660 1027 2856 1093 105.4
2904 1025 3104 1108 (357)

708 1138 985 1210 constat,
1032 1154 1147 1197 nec
1196 1134 1386 1198 verba
1430 1132 1689 1199 laudata
1738 1155 1774 1198 a
1820 1133 2118 1199 Schaefer
2165 1155 2243 1198 ex
2288 1140 2325 1213 5
2376 1132 2417 1197 8
2466 1135 2817 1198 necessario
2863 1134 2944 1198 ad
2998 1155 3109 1198 ro-

708 1241 1039 1324 gationem
1107 1239 1439 1304 Periandri
1486 1241 1841 1325 pertinent,
1893 1260 2050 1324 quas
2099 1241 2177 1305 ob
2228 1260 2447 1304 causas
2493 1238 2659 1324 Sigg
2704 1241 2884 1324 ponit
2931 1240 3106 1303 hanc

711 1346 1061 1408 orationem
1121 1345 1302 1409 brevi
1361 1350 1507 1429 post
1570 1343 1668 1409 Ol.
1737 1344 1925 1409 105.1
1978 1344 2165 1426 (360)
2214 1366 2348 1410 esse
2393 1345 2701 1410 habitam.
2749 1344 2824 1408 In
2872 1344 3106 1409 eadem

711 1452 1058 1524 sententia,
1100 1470 1225 1535 qua
1263 1449 1462 1536 Sigg,
1505 1455 1633 1514 stat
1673 1450 1852 1516 Blass
1896 1452 1962 1528 ²),
2010 1453 2115 1515 cui
2150 1451 2345 1515 verba
2384 1451 2444 1513 ἐν
2484 1449 2685 1528 ἐκείνῳ
2725 1451 2808 1528 τῷ
2842 1450 3102 1527 ἐνιαυτῷ
3197 1459 3208 1466 ’
3313 1539 3314 1546 ¹

713 1557 775 1639 (ξ
840 1554 952 1635 61)
1016 1562 1394 1640 argumento
1457 1562 1607 1619 sunt
1625 1604 1642 1632 ,
1710 1558 2041 1641 integrum
2088 1577 2327 1621 annum
2374 1557 2770 1640 praeteriisse
2814 1560 2961 1639 post
3006 1575 3107 1617 re-

714 1662 923 1724 ditum
988 1659 1362 1745 Apollodori
1382 1709 1398 1738 ,
1465 1659 1765 1726 voculam
1827 1683 1977 1726 vero
2039 1662 2179 1726 τότε
2242 1663 2302 1743 (ξ
2353 1661 2421 1740 8)
2468 1663 2607 1725 iure
2657 1663 2710 1724 is
2760 1661 3107 1745 coniungit

712 1786 860 1828 cum
909 1765 1306 1829 antecedenti
1352 1766 1709 1843 ἀνήλισκον,
1766 1788 1891 1831 non
1939 1787 2092 1832 cum
2138 1767 2549 1850 sequentibus
2587 1765 2738 1830 οὕτω
2779 1774 3104 1837 πολυτελῆ

712 1868 894 1952 ὄντα,
942 1874 1019 1934 ut
1067 1869 1383 1947 Schaefer,
1431 1873 1649 1955 itaque
1696 1877 1884 1956 putat
1927 1875 2092 1937 circa
2138 1871 2235 1936 01.
2284 1870 2479 1936 105.3
2518 1870 2705 1951 (358)
2745 1873 3107 1936 orationem

716 1996 851 2039 esse
898 1975 1188 2040 habitam
1205 2023 1220 2052 ,
1273 1996 1432 2059 quae
1480 1978 1697 2060 opinio
1745 1977 1823 2041 ad
1882 1980 2217 2042 veritatem
2268 1980 2556 2063 proxime
2601 1976 2889 2042 accedere
2935 1976 3110 2040 mihi

716 2080 989 2145 videtur.

804 2186 943 2251 Iam
989 2186 1324 2251 videamus
1372 2208 1496 2272 quo
1545 2188 1738 2252 modo
1785 2190 2052 2272 scriptor
2100 2189 2452 2252 orationem
2499 2188 2904 2273 disposuerit.

802 2292 875 2356 In
917 2292 1251 2356 Prooemio
1290 2292 1445 2356 dicit
1486 2298 1699 2358 orator
1739 2294 1863 2357 sibi
1900 2314 2279 2378 persuasum
2321 2314 2453 2358 esse
2492 2296 2764 2358 maximi
2802 2314 2937 2357 esse
2976 2315 3114 2358 mo-

714 2400 919 2462 menti
957 2402 1033 2460 ut
1075 2397 1320 2462 iudices
1366 2400 1612 2463 intenta
1651 2405 1864 2463 mente
1910 2400 2061 2463 huic
2107 2401 2341 2464 actioni
2377 2401 2675 2463 intersint
2695 2447 2711 2476 ,
2759 2420 2885 2463 non
2930 2402 3111 2463 enim

713 2523 970 2567 causam
1041 2505 1149 2588 agi
1219 2504 1541 2588 privatam
1603 2504 1712 2569 sed
1771 2525 1932 2589 quae
1996 2506 2203 2589 ipsam
2268 2510 2494 2591 tangat
2556 2526 2695 2569 rem
2740 2504 3105 2589 publicam;

712 2612 899 2692 rogat
953 2609 1160 2692 igitur
1215 2611 1445 2671 attenti
1485 2611 1613 2672 sint
1661 2609 1819 2673 dum
1865 2609 2074 2673 fusius
2121 2615 2324 2673 totam
2370 2631 2507 2674 rem
2554 2616 2768 2675 narret
2816 2615 2882 2674 et
2928 2613 3111 2674 testi-

715 2714 948 2776 moniis
1000 2712 1389 2778 demonstret
1437 2719 1627 2799 atque
1677 2715 2005 2780 confirmet
2050 2714 2310 2798 §1—3.

804 2816 1058 2881 Transit
1107 2817 1184 2881 ad
1234 2818 1294 2882 N
1297 2822 1678 2883 arrationem
1702 2868 1717 2897 ,
1770 2841 1928 2905 quae
1975 2820 2102 2885 fere
2151 2827 2352 2885 totam
2404 2823 2757 2885 orationem
2798 2820 3109 2906 complec-

713 2925 893 2986 titur.
943 2921 1250 3006 §Al—62.

810 3029 841 3092 1
912 3026 1010 3092 01.
1081 3027 1229 3093 104.
1300 3028 1339 3092 3
1406 3029 1592 3110 (362)
1654 3052 1805 3095 cum
1866 3031 1944 3095 ad
2004 3033 2266 3095 comitia
2316 3031 2808 3096 Atheniensium
2856 3032 3103 3097 multae

712 3134 1109 3199 calamitates
1181 3137 1511 3219 nuntiatae
1581 3142 1825 3213 essent,
1895 3157 2123 3220 nempe
2194 3137 2362 3220 quod
2432 3136 2790 3201 Alexander
2851 3137 3101 3203 Tenum

715 3242 1084 3323 occupavit,
1149 3238 1569 3326 Miltocythes
1631 3261 1668 3305 a
1726 3238 1929 3328 Cotye
1992 3241 2302 3307 defecerat
2362 3248 2426 3306 et
2487 3244 2565 3308 ab
2605 3242 3103 3309 Atheniensibus

713 3343 1033 3408 auxilium
1094 3346 1382 3428 petebat,
1452 3345 1859 3410 Proconnesii
1914 3345 2079 3411 bello
2129 3353 2297 3412 terra
2342 3350 2631 3432 marique
2680 3349 2757 3412 ab
2805 3349 3100 3413 hostibus

712 3452 948 3533 pressi,
1000 3451 1308 3536 rogabant
1353 3472 1432 3515 ne
1472 3454 1750 3516 sinerent
1793 3452 2208 3517 Athenienses
2250 3474 2314 3517 se
2336 3456 2653 3538 perituros
2672 3502 2687 3532 ,
2728 3455 3101 3539 multaeque

713 3575 905 3619 naves
967 3558 1288 3620 onerariae
1337 3557 1414 3620 ab
1464 3556 1690 3621 incolis
1739 3558 2069 3644 Byzantii,
2121 3555 2538 3625 Chalcedonis
2582 3564 2647 3623 et
2693 3557 2914 3645 Cyzici
2960 3561 3101 3624 sub-

715 3660 1124 3738 ducebantur,
1179 3661 1449 3746 populus
1497 3668 1753 3728 auctore
1800 3664 2254 3748 Aristophonte
2304 3665 2616 3729 decrevit:
2658 3668 2734 3728 ut
2771 3665 3099 3729 trierarchi

713 3787 905 3830 naves
969 3766 1383 3845 deducerent,
1450 3767 1854 3853 simulatque.
1903 3768 2227 3833 demarchi
2292 3769 2615 3857 catalogos
2680 3770 3094 3846 confecerint,

711 3870 1039 3937 celerrime
1098 3875 1283 3938 sociis
1331 3873 1569 3938 auxilio
1618 3877 1906 3940 venirent
1956 3875 2391 3954 Athenienses,
2442 3897 2634 3961 quam
2672 3898 2809 3940 rem
2848 3877 3088 3942 demon·

712 3980 875 4041 strat
923 3977 1117 4042 allato
1166 3981 1305 4063 ipso

1572 4085 1917 4150 Plebiscito
1964 4084 2221 4169 §4—6.

804 4188 845 4252 2
914 4186 1183 4252 Disertis
1254 4190 1463 4255 verbis
1534 4191 1610 4254 de
1682 4191 1894 4255 studio
1960 4213 2075 4257 suo
2141 4212 2295 4278 erga
2355 4190 2669 4276 populum
2734 4192 3087 4278 egreditur,

710 4314 941 4357 navem
1004 4313 1198 4376 quam
1266 4296 1508 4378 optime
1566 4300 1815 4379 poterat
1854 4295 2235 4382 complevit,
2284 4303 2348 4361 et
2392 4316 2780 4381 quamquam
2830 4318 2909 4361 ex
2951 4298 3090 4383 lege

706 4419 893 4463 nemo
956 4399 1178 4463 eodem
1244 4421 1406 4465 anno
1472 4401 1596 4466 duo
1658 4422 1929 4466 munera
1989 4408 2307 4488 praestare
2369 4403 2719 4481 tenebatur,
2768 4408 2984 4468 tamen
3025 4403 3090 4467 id

781 4664 827 4723 1)
865 4664 924 4711 cf.
962 4664 1140 4712 Annot.
1175 4665 1237 4712 ad
1273 4664 1417 4712 huius
1453 4670 1573 4712 orat.
1610 4668 1656 4725 §§
1699 4665 1770 4711 12·
1795 4670 1844 4712 et
1885 4667 1958 4713 14.

777 4746 826 4806 2)
859 4746 962 4793 Att.
998 4745 1190 4793 Bereds.
1229 4746 1324 4805 ΙΙΙ,
1361 4748 1384 4793 1
1422 4762 1534 4809 pag.
1567 4746 1665 4793 468
1702 4763 1773 4808 sq.
