3350 5417
60 831 61 854 ᾼ
60 725 67 758 v·-

846 829 992 892 Τοῖς
1040 819 1325 891 τοιούτοις
1374 824 1490 883 τῶν
1539 819 1793 896 ἀγώνων
1839 814 1880 883 ὦ
1926 815 2131 899 ἄνδρες
2185 818 2476 883 δικασταὶ
2527 817 2630 882 καὶ
2680 817 2821 891 τοὺς
2874 818 3125 896 amym-
3158 815 3289 873 12⁰⁶!

757 933 1039 1005 σομένους
1103 927 1385 1006 προσήκει
1447 922 1740 1001 μάλιστα
1803 925 2128 1005 προσέχειν
2193 927 2295 990 τὸν
2342 929 2494 989 νοῦν.
2542 926 2607 989 οὐ
2655 925 2782 1006 γὰρ
2831 924 2979 1001 ἐμὸς
3032 922 3128 987 καὶ

756 1030 1139 1104 Πολυκλέους
1187 1029 1336 1105 ἴδιός
1385 1030 1549 1095 ἐστιν
1595 1033 1623 1094 ὁ
1670 1030 1844 1107 ἀγὼν
1890 1028 2090 1109 μόνον,
2130 1031 2308 1095 ἀλλὰ
2350 1029 2453 1094 καὶ
2495 1037 2605 1105 τῆς
2650 1029 2886 1103 πόλεως
2930 1027 3130 1102 κοινός.

757 1137 833 1205 ὦν
881 1139 1008 1219 γὰρ
1053 1139 1137 1204 τοὶ
1187 1137 1300 1215 μὲν
1350 1135 1736 1214 ἐγκλήματα
1785 1133 1921 1200 ἴδιοί
1973 1136 2157 1213 ἐστιν,
2206 1136 2270 1200 αἱ
2318 1135 2380 1201 δὲ
2426 1135 2687 1214 βλάβαι
2737 1135 2966 1215 κοιναί,
3011 1140 3130 1206 πῶς

758 1246 876 1324 οὐχ
941 1244 1086 1324 ὑπὲρ
1149 1241 1379 1308 τούτων
1441 1240 1598 1314 εἰκός
1649 1242 1814 1306 ἔστιν
1881 1240 2276 1315 ἀκούσαντας
2328 1242 2495 1319 ὑμᾶς
2540 1242 2713 1322 ὀρθῶς
2764 1242 3126 1319 διαγνῶναι;

764 1519 771 1526 .
825 1465 963 1522 τοϊς
1030 1460 1365 1519 τοιούτοις
1425 1466 1543 1510 τῶν
1606 1458 1903 1526 ἀγώνων]

758 1548 919 1597 Causa
965 1544 1101 1609 ἀγών
1149 1551 1373 1604 vocatur,
1407 1560 1500 1593 vox
1533 1544 1594 1593 ab
1631 1543 1905 1592 oratoribus

757 1646 866 1679 cum
903 1629 1014 1678 aliis
1041 1627 1212 1677 multis
1248 1627 1311 1676 ad
1337 1626 1522 1676 iudicia
1550 1626 1906 1691 pertinentibus

758 1713 817 1762 de
851 1728 901 1761 re
935 1709 1142 1760 militari
1174 1710 1473 1774 deprompta.
1509 1708 1568 1757 In
1604 1707 1906 1757 orationibus

755 1810 844 1859 pro
867 1792 1168 1858 Apollodoro
1187 1792 1381 1857 scriptis
1397 1791 1649 1842 variantur
1667 1790 1907 1840 vocabula

756 1873 892 1938 ἀγών
937 1879 987 1924 et
1030 1872 1139 1931 δίκη
1173 1875 1317 1938 idque
1351 1873 1574 1938 pertenui
1603 1872 1908 1932 discrimine,

756 1957 1010 2021 aliquanto
1045 1962 1209 2006 tamen
1242 1956 1435 2022 saepius
1471 1953 1580 2012 δίκη
1616 1959 1908 2029 usurpatur,

754 2055 928 2104 nempe
974 2044 1144 2104 quater
1188 2038 1377 2097 tricies,
1423 2035 1559 2101 ἀγών
1603 2053 1717 2087 vero
1759 2037 1908 2087 octies

757 2122 939 2181 decies,
986 2122 1038 2170 in
1080 2137 1147 2170 or.
1182 2120 1278 2169 LII
1312 2121 1456 2170 modo
1491 2120 1736 2170 invenitur
1771 2117 1905 2179 δίκη,

757 2211 812 2255 ut
861 2205 913 2253 in
956 2210 1123 2254 nostra
1167 2204 1310 2253 modo
1357 2201 1509 2266 ἀγών.
1556 2202 1907 2251 Demosthenes

756 2288 808 2336 in
848 2286 1158 2336 concionibus
1202 2302 1397 2351 perraro
1443 2285 1598 2335 utitur
1631 2300 1739 2334 voc.
1774 2283 1907 2342 δίκη,

758 2385 900 2418 sensu
945 2369 1078 2427 litis,
1120 2372 1176 2417 ut
1207 2368 1259 2416 in
1294 2384 1363 2417 or.
1395 2367 1566 2417 XVIII
1599 2373 1700 2427 ter,
1735 2383 1907 2431 nempe

759 2455 781 2513 §
810 2451 904 2499 121
943 2456 992 2499 et
1022 2450 1097 2499 bis
1133 2454 1155 2512 §
1186 2451 1298 2509 150,
1324 2450 1374 2499 in
1404 2467 1473 2499 or.
1501 2450 1615 2499 XIX
1648 2465 1747 2499 non
1776 2464 1910 2497 usur·

756 2539 868 2598 pat,
922 2533 973 2581 in
1026 2532 1139 2581 aliis
1187 2537 1353 2581 tamen
1404 2532 1707 2582 orationibus
1748 2532 1907 2581 multo

758 2615 950 2680 saepius
983 2613 1185 2664 adhibet
1219 2630 1325 2664 voc.
1361 2612 1496 2675 δίκη,
1527 2621 1582 2665 ut
1613 2614 1664 2664 in
1695 2630 1764 2664 or.
1792 2613 1908 2661 XXI

759 2703 929 2762 quater
979 2696 1162 2757 decies,
1211 2713 1300 2745 voc
1346 2695 1484 2759 ἀγών
1532 2703 1701 2746 contra
1734 2695 1909 2755 octies,

757 2781 809 2829 in
844 2796 938 2828 orr.
972 2778 1106 2827 XXX
1138 2784 1188 2828 et
1221 2778 1336 2827 XXI
1369 2795 1475 2828 voc.
1510 2776 1618 2836 δίκη
1655 2778 1909 2842 quinquies

756 2862 940 2922 decies,
975 2878 1081 2911 voc.
1114 2859 1251 2924 ἀγών
1284 2861 1361 2910 bis
1386 2866 1595 2910 tantum.

826 2939 861 2991 ὦ
924 2941 1143 3004 ἄνδρες
1205 2940 1549 3007 δικασταί]
1611 2942 1738 2991 redit
1789 2942 1910 2991 haec

758 3025 993 3075 allocutio
1042 3025 1265 3073 undecies
1312 3025 1363 3073 in
1414 3028 1460 3087 §§
1499 3025 1578 3083 68,
1612 3024 1762 3073 semel
1796 3040 1907 3088 ergo

757 3109 808 3157 in
858 3110 918 3172 5}
966 3110 1030 3169 §§.
1074 3106 1148 3155 De
1196 3123 1287 3154 usu
1332 3107 1479 3155 huius
1513 3107 1753 3155 formulae
1798 3106 1909 3155 vide

756 3191 871 3255 Sigg
914 3191 1017 3253 (der
1060 3188 1308 3238 Verfasser
1349 3205 1477 3238 neun
1512 3188 1770 3253 angeblich
1814 3205 1908 3238 von

756 3272 1106 3322 Demosthenes
1135 3272 1213 3319 fiir
1248 3271 1518 3335 Apollodor
1546 3271 1909 3335 geschriebener

757 3356 937 3414 Reden,
968 3354 1019 3402 in
1046 3353 1218 3402 Jahrb.
1247 3354 1279 3402 f.
1312 3354 1374 3402 cl.
1402 3353 1585 3402 Philol.
1615 3354 1722 3402 6ter
1739 3353 1909 3418 Suppl.

757 3438 849 3487 Bd.
885 3435 1122 3498 1872173)
1158 3452 1239 3500 pg.
1267 3437 1381 3495 419,
1417 3441 1465 3485 et
1499 3434 1910 3500 Schimmelpfeng

756 3519 1032 3583 (Orationes
1078 3534 1201 3582 quae
1248 3523 1361 3567 sunt
1406 3518 1456 3566 in
1495 3516 1826 3566 Macartatum
1861 3521 1910 3566 et

757 3602 807 3651 in
848 3593 1252 3665 olympiodorum
1288 3607 1337 3650 et
1368 3600 1420 3649 in
1452 3598 1637 3649 Lacriti
1675 3599 1911 3664 exceptio·

756 3700 867 3733 nem
885 3683 973 3732 sub
987 3683 1329 3732 Demosthenis
1345 3682 1540 3731 nomine
1553 3682 1778 3741 traditae,
1790 3698 1908 3731 num

758 3766 901 3815 unius
931 3765 1241 3829 eiusdemque
1272 3765 1477 3814 oratoris
1501 3780 1601 3813 esse
1619 3763 1907 3813 iudicandae

757 3848 871 3898 sint.
900 3847 1060 3913 Marp.
1096 3846 1242 3909 1887)
1270 3863 1351 3911 pg.
1382 3845 1444 3899 37
1475 3853 1704 3896 accurata
1721 3863 1911 3895 enume-

756 3931 944 3980 ratione
991 3930 1176 3979 invenit
1213 3931 1307 3979 hac
1344 3929 1642 3978 allocutione
1677 3929 1826 3978 semel
1861 3933 1910 3978 et

755 4014 985 4078 nonagies
1004 4014 1054 4062 in
1069 4017 1116 4075 §§
1131 4013 1226 4062 322
1240 4029 1381 4061 usum
1399 4028 1500 4061 esse
1513 4012 1909 4070 Demosthenem,

757 4096 791 4144 i.
810 4112 850 4144 e.
875 4095 1024 4144 semel
1041 4095 1091 4144 in
1116 4096 1178 4158 3}
1197 4098 1244 4157 §§
1255 4116 1268 4154 ;
1291 4094 1491 4144 adhibet
1507 4094 1656 4158 igitur
1674 4094 1800 4143 hanc
1818 4095 1911 4142 for-

756 4177 943 4226 mulam
977 4178 1075 4226 fero
1104 4177 1315 4226 alterum
1344 4181 1537 4226 tantum
1567 4192 1714 4241 quam
1730 4182 1910 4225 noster.

824 4257 1061 4321 διαγνω
1076 4275 1145 4307 σο
1160 4256 1237 4318 με’
1253 4274 1312 4306 νο
1327 4258 1414 4323 υς]
1441 4255 1820 4320 διαγιγνώσκειν
1839 4263 1911 4307 est

755 4340 1053 4399 diiudicare,
1091 4338 1356 4402 διάγνωσις
1388 4339 1619 4389 iudicium
1653 4345 1703 4389 et
1734 4338 1914 4388 diiudi-

757 4422 883 4472 catio
935 4423 997 4471 cf.
1040 4423 1225 4471 Isaeus.
1270 4422 1313 4473 Ι.
1365 4422 1446 4472 21.
1483 4422 1664 4471 Moeris
1701 4420 1913 4485 explicat

756 4504 994 4553 vocabulo
1032 4502 1346 4564 διαδικασία,
1375 4505 1436 4554 cf.
1471 4504 1567 4554 lex.
1601 4504 1674 4553 ed.
1712 4502 1911 4552 Pierson

755 4603 836 4651 pg.
874 4587 988 4646 125,
1022 4587 1107 4636 ubi
1142 4587 1252 4636 vide
1287 4587 1666 4637 annotationem.

823 4666 1126 4729 μάλιστα
1179 4667 1535 4732 προσέχειν
1588 4669 1699 4717 τὸν
1746 4667 1912 4733 νοῦν]

756 4751 818 4799 cf.
855 4751 932 4800 ad.
962 4751 1050 4813 52.

2051 1463 2496 1529 Πολυκλέους]
2532 1463 2711 1513 omisso
2745 1463 2970 1514 articulo.

2050 1545 2111 1593 In
2161 1546 2254 1595 hac
2306 1545 2525 1595 oratione
2576 1546 2778 1596 nomina
2823 1546 3014 1612 propria
3058 1545 3128 1594 bis

1984 1627 2165 1677 centies
2208 1634 2456 1693 ponuntur
2498 1629 2601 1678 sine
2647 1629 2856 1678 articulo
2906 1634 2955 1678 et
2999 1627 3131 1693 quin·

1985 1710 2183 1774 quagies
2228 1710 2483 1775 quinquies
2530 1710 2766 1759 articulus
2815 1710 3030 1769 additur,
3074 1715 3126 1758 ut

1965 1792 2116 1841 'Uhle
2160 1792 2500 1857 (quaestiones
2536 1792 2596 1841 de
2631 1793 2908 1843 orationum
2937 1791 3128 1841 Demos-

1984 1874 2122 1923 theni
2147 1874 2272 1924 falso
2291 1875 2596 1925 addictarum
2613 1875 2944 1940 scriptoribus,
2960 1890 3069 1939 pars
3083 1873 3125 1935 Ι)

1985 1972 2066 2020 pg.
2114 1955 2176 2007 79
2231 1957 2597 2007 demonstravit.
2650 1957 2781 2021 Ergo
2834 1973 2941 2006 cum
2983 1955 3126 2005 semel

1985 2038 2220 2088 articulus
2254 2038 2476 2098 additur,
2511 2039 2585 2088 bis
2621 2039 2882 2089 omittitur.
2915 2038 3124 2103 sigg.1.1.

1984 2137 2064 2185 pg.
2110 2121 2209 2169 430
2245 2137 2302 2170 ex
2336 2121 2544 2170 sedecim
2579 2121 2882 2171 orationibus
2915 2120 3125 2186 genuinis

1984 2203 2287 2267 computavit
2331 2203 2562 2252 articulos
2610 2220 2639 2252 a
2686 2204 3005 2254 Demosthene
3044 2219 3125 2252 no·

1984 2286 2198 2335 minibus
2227 2285 2436 2351 propriis
2464 2286 2657 2336 additos
2674 2287 2775 2335 fere
2792 2288 3006 2353 quintam
3022 2303 3123 2352 par-

1983 2374 2084 2417 tem
2119 2370 2276 2417 facere
2310 2368 2615 2418 omissorum.
2650 2369 2752 2418 Fox
2785 2374 2946 2419 tamen
2975 2386 3026 2418 ex
3054 2385 3122 2418 or.

1986 2446 2106 2510 ὑπὲρ
2133 2455 2565 2512 Μεγαλοπολιτῶν
2595 2455 2652 2500 ut
2669 2451 2712 2499 si
2731 2453 2880 2501 semel
2895 2468 3001 2501 eum
3018 2452 3124 2500 arti·

1984 2532 2095 2581 culo
2141 2531 2281 2596 ponit
2317 2531 2694 2592 Demosthenes,
2727 2533 2804 2583 bis
2837 2534 2887 2583 id
2919 2533 3120 2584 omittat.

1986 2613 2232 2678 Quoniam
2265 2630 2378 2663 vero
2405 2614 2603 2663 nomina
2633 2616 2831 2680 propria
2859 2621 2960 2665 tam
2986 2632 3119 2680 saepe

1986 2702 2268 2756 occurrunt,
2327 2701 2383 2746 ut
2429 2713 2528 2745 non
2576 2697 2781 2747 fortuita
2833 2715 2931 2747 esse
2976 2697 3121 2763 possit

1986 2795 2044 2827 ea
2095 2779 2237 2839 ratio,
2286 2778 2553 2843 plurimum
2602 2779 2723 2828 haec
2776 2796 2850 2829 res
2899 2780 3025 2829 valet
3070 2779 3122 2828 iu

1987 2860 2299 2910 diiudicando
2327 2866 2490 2910 utrum
2513 2861 2763 2911 orationes
2781 2863 3011 2927 genuinae
3028 2861 3120 2911 sint

1985 2960 2149 2993 necne.

2054 3019 2127 3073 ὧν
2174 3025 2292 3088 γὰρ
2339 3024 2419 3074 τὰ
2467 3025 2580 3086 μὲν
2630 3024 3018 3090 ἐγκλήματα
3056 3053 3118 3063 -

1988 3111 2113 3165 πῶς
2160 3104 2284 3168 οὐχ
2330 3104 2483 3168 ὑπὲρ
2529 3106 2777 3157 τούτων
2823 3107 2992 3167 εἰκός
3034 3104 3116 3158 ἔσ-

1987 3206 2085 3238 τιν
2119 3216 2187 3226 -
2216 3186 2614 3255 διαγνῶναι;]
2663 3192 2818 3255 figura
2865 3208 2986 3256 quae
3017 3189 3120 3240 dici-

1986 3278 2091 3321 tur:
2126 3271 2440 3335 interroqatio
2472 3272 2738 3333 rhetorica,
2774 3274 2870 3334 hic,
2905 3280 2960 3324 ut
2990 3288 3120 3337 saepe

1986 3355 2047 3403 ab
2083 3352 2356 3402 oratoribus
2389 3369 2487 3402 non
2521 3354 2853 3419 interrogandi
2881 3373 3022 3406 causa
3050 3354 3123 3403 ad·

1984 3436 2203 3495 hibetur,
2238 3435 2340 3484 sedr
2356 3440 2429 3485 est
2463 3436 2621 3485 acrior
2654 3439 2896 3501 quaedam
2925 3445 2972 3490 et
2997 3438 3125 3488 vehe-

1986 3518 2194 3567 mentior
2246 3518 2533 3578 affirmatio,
2584 3535 2696 3567 cum
2745 3520 2814 3581 is,
2860 3522 2944 3586 qui
2986 3519 3120 3578 dicit,

1985 3601 2199 3665 rogando
2247 3600 2387 3664 quasi
2434 3600 2813 3665 intelligentiam
2860 3610 2909 3654 et
2942 3617 3122 3653 sensum

1985 3699 2289 3732 communem
2318 3683 2546 3748 imploret
2577 3684 2815 3734 auditoris
2845 3687 2982 3751 eique
3007 3701 3124 3743 rem,

1986 3782 2133 3830 quam
2160 3766 2344 3830 profert
2369 3765 2722 3815 aestimandam
2739 3768 3006 3831 permittat,
3022 3766 3123 3815 vid.

1985 3848 2160 3897 Straub
2207 3848 2284 3909 (de
2329 3847 2484 3912 tropis
2530 3853 2579 3897 et
2625 3849 2802 3913 figuris.
2827 3856 2939 3900 cett.
2975 3864 3125 3914 progr.

1987 3930 2162 3994 Gymn.
2204 3930 2714 3995 Aschaffenburgensis
2766 3932 2913 3995 1883)
2957 3948 3034 3998 pg.
3067 3930 3127 3979 94

1987 4012 2116 4077 Sigg.
2171 4012 2246 4061 1.1.
2297 4028 2410 4077 pag.
2460 4012 2558 4061 420
2612 4029 2682 4077 sq.
2730 4014 2932 4063 Kiihner
2979 4013 3124 4076 (Ausf.

1988 4095 2222 4155 Gramm.)
2249 4093 2352 4153 11⁸,
2382 4094 2430 4153 2,
2456 4110 2536 4158 pg.
2565 4095 2710 4145 1020.
2732 4096 2776 4144 5.
2797 4095 2958 4145 Octies
2976 4100 3128 4145 noster

1987 4176 2113 4224 hanc
2157 4177 2363 4240 figuram
2407 4181 2611 4241 usurpat
2654 4178 2716 4227 cf.
2764 4180 2812 4240 §5
2848 4177 2914 4227 28
2946 4178 3034 4237 bis,
3069 4176 3127 4226 62

1987 4258 2079 4319 bis,
2113 4259 2194 4318 64,
2230 4257 2293 4314 67
2329 4257 2421 4307 bis.

2055 4342 2136 4390 τὰ
2177 4340 2288 4401 μὲν
2343 4338 2761 4407 ἐγκλήματα]
2797 4339 3033 4405 ’ἔγκλημα
3064 4344 3129 4389 est

1986 4423 2249 4483 incusatio,
2299 4420 2534 4485 ἐγκαλεῖν
2565 4424 2788 4473 incusare
2796 4445 2815 4482 ;
2847 4429 3129 4489 usurpantur

1989 4505 2109 4553 haec
2161 4505 2310 4554 verba
2353 4511 2404 4553 et
2449 4505 2507 4554 de
2553 4521 2605 4555 re
2649 4512 2956 4556 controversa
2998 4511 3046 4556 et
3076 4505 3128 4554 de

1989 4603 2086 4646 reo,
2123 4588 2184 4636 cf.
2218 4587 2262 4636 I.
2297 4586 2364 4636 H.
2391 4586 2458 4635 H.
2488 4586 2707 4637 Schmidt
2736 4588 3029 4651 (Handbuch
3054 4587 3130 4636 der

1988 4669 2078 4718 lat.
2126 4686 2176 4718 u.
2227 4685 2298 4732 gr.
2341 4668 2655 4734 Synonymik)
2692 4671 2771 4720 10.
2792 4671 2838 4720 3.
2873 4671 2947 4720 De
2980 4668 3131 4720 discri-

1989 4750 2120 4800 mine
2172 4750 2300 4800 inter
2353 4745 2588 4812 ἐγκαλεῖν
2638 4758 2687 4802 et
2741 4753 3031 4816 κατηγορεῖν
3072 4751 3127 4801 cf.
