3350 5417
527 1020 587 1069 58

529 1556 589 1603 59

527 2093 591 2140 60

1781 611 1916 696 42,

626 791 982 870 διαδέξηται
1046 797 1156 870 την
1220 800 1366 860 ναῦν
1429 797 1491 860 ἐν
1539 796 1622 876 τῷ
1669 792 1861 875 χρόνῳ
1912 793 1994 871 τῷ
2044 791 2360 873 εἰρημένῳ,
2412 792 2864 873 κατεφρόνησεν
2914 793 3038 855 οὐκ

623 900 773 976 ἐμοῦ
838 900 1053 979 μόνον,
1117 902 1292 965 άλλοὶ
1359 900 1464 966 καὶ
1533 902 1697 978 ὑμῶν
1754 899 1859 964 καὶ
1906 900 2023 964 τῶν
2070 898 2283 975 νόμων.
2335 897 2438 962 καὶ
2494 898 2597 963 διά
2643 898 2752 973 μὲν
2804 901 3035 961 τοῦτον

623 1008 838 1071 πάντα
901 1015 976 1088 τῇ
1046 1002 1222 1072 πόλει
1288 1005 1584 1088 ἄπρακτα
1651 1007 1876 1085 γέγονε
1925 1005 2030 1070 καὶ
2081 1013 2206 1078 τοῖς
2259 1003 2647 1084 συμμάχοις·
2699 1002 2839 1068 οὔτε
2890 1003 3035 1084 γάρ

622 1113 890 1190 άΦίκετο
952 1112 1052 1177 ἐπὶ
1119 1115 1226 1188 τὴν
1276 1119 1420 1178 ναῦν
1470 1114 1641 1178 κατὰ
1691 1113 1794 1176 τὸν
1843 1110 2055 1189 νόμον,
2104 1110 2233 1177 οὔτ’
2282 1111 2487 1184 ἐπειδὴ
2538 1106 2711 1182 ἦλθεν
2759 1109 3031 1185 ἠθέλησε

624 1217 1037 1296 διαδέξασθαι·
1102 1220 1223 1296 ἐγὼ
1285 1220 1346 1284 δὲ
1410 1219 1511 1284 καὶ
1578 1219 1681 1284 τὸν
1746 1219 1892 1298 ὑπὲρ
1957 1218 2229 1294 ἐμαυτοῦ
2296 1217 2438 1293 ὑμῖν
2498 1217 2708 1297 χρόνον
2756 1217 2859 1280 καὶ
2912 1215 3034 1280 τὸν

626 1323 770 1404 ὑπὲρ
841 1329 945 1389 τοῦ
1018 1324 1491 1407 συντριηράρχου
1560 1324 2016 1406 ἐλῃτούργησα,
2087 1323 2191 1388 καὶ
2259 1322 2467 1398 ἐπειδὴ
2535 1321 2749 1400 ἐξῆλθέ
2813 1345 2920 1399 μοι
3000 1324 3031 1387 ὃ

625 1428 833 1510 χρόνος
901 1437 1011 1505 τῆς
1069 1430 1504 1511 τριηραρχίας,
1562 1429 2054 1509 προστάττοντός
2122 1451 2223 1505 μοι
2274 1432 2380 1494 τοῦ
2432 1432 2783 1506 στρατηγοῦ
2831 1437 3031 1493 πλεῖν

627 1537 731 1617 ἐφ’
774 1536 962 1616 ’Ῑερὸν
1011 1536 1406 1617 παρέπεμψα
1454 1538 1537 1619 τῷ
1584 1537 1757 1616 δήμω
1803 1539 1905 1602 τὸν
1956 1543 2159 1612 σῖτον,
2206 1533 2278 1600 ἵν’
2324 1532 2517 1616 ἔχητε
2557 1532 2815 1614 ἄφθονον
2856 1537 3030 1600 ὠνεῖ-

627 1643 763 1706 σθαι
831 1641 934 1705 καὶ
996 1643 1182 1719 μηδὲν
1247 1643 1389 1720 ύμῖν
1434 1641 1580 1707 κατ’
1632 1644 1742 1719 ἐμὲ
1791 1641 2199 1719 ἐλλείπηται,
2250 1641 2356 1705 καὶ
2405 1637 2582 1704 ἄλλα
2630 1634 2746 1704 ὅσα
2793 1639 2828 1715 ἢ
2882 1640 3027 1717 ἐμοὶ

628 1749 660 1823 ἣ
707 1756 783 1828 τῇ
838 1748 1054 1828 τριήρει
1119 1748 1418 1825 ἐβουλήθη
1470 1750 1497 1813 ὖ
1549 1746 1901 1828 στρατηγὸς
1970 1746 2271 1826 χρῆσθαι,
2333 1745 2647 1826 παρέσχον
2696 1745 2902 1826 αὐτῷ,
2951 1749 3028 1811 οὖ

626 1851 805 1931 μόνον
849 1855 958 1927 την
1004 1854 1214 1919 οὐσίαν
1260 1855 1643 1933 άναλΙσκων,
1688 1854 1862 1919 άλλοὶ
1904 1853 2008 1917 καὶ
2050 1854 2134 1932 τῷ
2175 1855 2418 1929 σώματι
2460 1852 2806 1917 κινδυνεύων
2845 1875 3029 1918 συνε-

627 1959 935 2041 πιπλέων,
1001 1966 1116 2024 τῶν
1176 1961 1402 2025 οἰκείων
1466 1985 1569 2037 μοι
1634 1959 2031 2041 πραγμάτων
2080 1957 2360 2023 τοιούτων
2411 1956 2907 2036 συμβεβηκότων
2960 1959 3029 2022 ἐν

626 2068 707 2146 τῷ
759 2065 904 2129 τότε
955 2067 1169 2146 καιρῷ,
1218 2065 1373 2132 ὥστε
1414 2068 1579 2144 ὑμᾶς
1622 2064 1701 2130 ἂν
1743 2065 2133 2136 άκούσαντας
2177 2065 2449 2141 ἐλεῆσαι.
2495 2068 2527 2141 ή
2567 2066 2681 2141 μέν
2706 2088 2785 2143 γε
2810 2065 3026 2144 μήτηρ

628 2171 858 2249 ἔκαμνε
919 2173 1023 2237 καὶ
1089 2173 1449 2245 ἐπιθάνατος
1511 2168 1576 2245 ἦν
1635 2174 1784 2251 ἐμοῦ
1833 2174 2327 2256 ἀποδημοῦντος,
2381 2168 2537 2235 ὥστε
2585 2175 2671 2248 μη
2721 2170 3022 2236 δύνασθαι
3064 2182 3198 2233 1225

636 2276 769 2366 [ἂν]
835 2275 923 2343 ἔτι
987 2278 1182 2352 αὐτην
1243 2279 1542 2356 βοηθῆσαι
1592 2286 1718 2349 τοῖς
1769 2279 1935 2357 ἐμοῖς
1988 2276 2357 2358 πράγμασιν
2406 2276 2809 2354 άνηλωμένοις
2860 2279 3023 2343 ἀλλ’

625 2383 1002 2466 ή-βραχέα.
1066 2386 1304 2456 ἑκταῖος
1367 2385 1493 2466 γάρ
1558 2383 1712 2460 ἥκων
1775 2384 2165 2465 ἐτύγχανον,
2229 2383 2335 2449 καὶ
2401 2384 2594 2459 ἐκείνη
2652 2382 2868 2448 ἰδοῦσά
2934 2407 3024 2462 με

626 2490 730 2554 καὶ
781 2496 1187 2570 προσειποῦσα
1236 2491 1345 2564 την
1388 2492 1606 2572 ψυχὴν
1655 2492 1941 2572 άφῆκεν,
1991 2489 2189 2555 οὐκέτι
2243 2496 2360 2554 τῶν
2410 2488 2591 2554 όντων
2640 2489 2815 2570 κυρία
2862 2486 3023 2555 οὖσα

692 2691 715 2749 ς
756 2689 816 2736 59
853 2686 1046 2753 ἕχῆτε]
1079 2687 1199 2752 ’ἔχει
1235 2690 1346 2747 SA,
1384 2688 1487 2753 ’ἔχη
1521 2690 1662 2739 Turr.

691 2773 714 2831 §
751 2770 813 2817 60
850 2767 1192 2836 δύνασθαι[ἃν]
1225 2773 1322 2821 del.
1356 2772 1513 2821 Blass.
1546 2799 1615 2810 —
1647 2769 2009 2839 προσειποῦσα]
2050 2772 2367 2832 προσείπασα
2401 2772 2494 2820 SA
2515 2772 2574 2836 Q.

623 2946 674 2979 re
715 2929 971 2978 iudiciaria
1005 2931 1134 2995 apud
1167 2932 1485 2982 Athenienses
1522 2940 1595 2982 est
1617 2950 1777 2997 poena
1855 2933 2081 2982 mesticas
2144 2932 2305 2981 minus
2370 2933 2555 2982 faustas
2568 2955 2582 2993 ς
2648 2951 2729 2983 sex
2794 2936 3020 2985 membra

623 3029 654 3060 a
695 3012 933 3061 iudicibus
979 3014 1264 3070 constituta.
1299 3016 1362 3069 cf.
1396 3014 1522 3064 Isae.
1549 3015 1646 3065 III.
1684 3014 1774 3067 47:

591 3091 740 3144 οὔτε
794 3095 892 3155 γὰρ
944 3090 1194 3155 ἐπιτίμιον
1240 3099 1354 3153 ταῖς
1402 3098 1519 3158 πρὸς
1568 3098 1654 3145 τὸν
1701 3096 1777 3157 Ξέρ-

624 3193 792 3239 χοντα
826 3175 1187 3239 εἷσαγγελίαις
1212 3177 1433 3226 ἔπεστιν.
1463 3179 1578 3244 Lyc.
1607 3179 1776 3228 Leocr.

625 3262 681 3307 4:
716 3258 742 3305 ὁ
772 3256 827 3306 δὲ
858 3256 1132 3320 κατήγορος
1162 3257 1417 3323 (πέφυκεν)
1442 3260 1636 3321 μηνύειν
1654 3262 1775 3319 τοῦς

625 3337 831 3402 ἐνόχους
880 3341 987 3397 τοῖς
1042 3337 1096 3388 ἐκ
1148 3345 1247 3389 τῶν
1300 3342 1453 3406 νόμων
1503 3340 1776 3404 ἐπιτιμίοις

623 3419 956 3478 καθεστῶτας.
1007 3422 1146 3472 Dem.
1195 3423 1368 3474 XXIV.
1417 3426 1529 3484 115,
1575 3426 1774 3476 XLVII.

624 3504 670 3563 2,
717 3505 796 3552 64.
842 3505 944 3554 XX.
990 3506 1110 3554 156:
1159 3505 1366 3556 θάνατον
1416 3505 1582 3568 λέγει·
1619 3510 1774 3557 τοῦτο

626 3585 721 3648 γάρ
759 3584 871 3635 ἐστ’
904 3585 984 3635 ἐπ’
1014 3585 1177 3649 ἐκείνῳ
1210 3589 1270 3636 τὸ
1302 3585 1567 3650 ἐπιτίμιον.
1600 3590 1776 3640 Meier-

622 3668 992 3734 Schoem.-Lips.
1028 3687 1106 3734 pg.
1146 3671 1242 3718 956
1279 3687 1357 3719 an.
1397 3671 1507 3719 546.

689 3752 1167 3813 κατεφρόνησεν
1216 3751 1323 3800 οὐκ
1373 3750 1527 3813 ἐμοῦ
1557 3782 1619 3791 -
1652 3757 1774 3801 τῶν

623 3834 842 3897 νόμων]
905 3833 1044 3883 Idem
1096 3834 1302 3899 reperies
1348 3835 1474 3886 LIX.
1528 3835 1593 3886 72
1644 3836 1775 3885 οὕτω

623 3914 753 3963 πολὺ
791 3918 889 3963 τῶν
920 3916 1073 3975 νόμων
1109 3915 1191 3963 καὶ
1230 3913 1364 3978 ὑμῶν
1397 3918 1774 3978 κατεφρόνησεν.

690 3997 813 4058 §59
861 3998 933 4044 ἵν’
979 3995 1187 4058 ’έχητε
1234 3997 1563 4063 ὠνεῖσθαι]
1615 4001 1677 4048 cf.
1713 4000 1775 4048 ad

623 4082 644 4138 §
680 4078 710 4126 2
743 4076 859 4139 ’ἔχει
899 4076 1160 4143 ἐπιδεῖξαι.

689 4159 886 4223 μηδὲν
924 4162 1061 4210 κατ’
1098 4159 1210 4221 ἐμὲ
1246 4159 1683 4227 ἐλλείπηται]
1714 4164 1775 4212 cf.

622 4241 684 4290 ad
722 4245 743 4304 §
784 4242 845 4289 13
883 4240 1033 4301 μηδὲν
1068 4241 1308 4292 ἕλλειποι.

689 4322 857 4374 ὥστε
898 4322 1050 4385 ὑμᾶς
1079 4322 1145 4373 ἂν
1173 4324 1591 4384 ἀκούσαντας
1628 4323 1777 4383 ἐλεῆ-

622 4406 755 4470 σαι]
801 4421 888 4468 pro
937 4403 1078 4465 ὑμεῖς
1120 4405 1177 4454 ἂν
1214 4403 1481 4465 ἐλεήσαιτε
1514 4410 1562 4458 in
1603 4426 1671 4458 or.
1708 4410 1778 4458 di-

620 4493 751 4537 recta
779 4489 841 4536 cf.
865 4488 1099 4537 Goodwin
1116 4488 1334 4553 (Syntax)
1359 4506 1493 4540 num.
1515 4491 1626 4551 592,
1646 4491 1776 4540 Kiih·

620 4585 706 4618 ner
738 4569 990 4632 (Gramm.)
1025 4570 1104 4619 11²
1146 4573 1176 4622 2
1211 4590 1290 4638 pg.
1330 4573 1475 4626 1007.
1511 4576 1541 4624 2

690 4655 711 4714 §
748 4652 811 4700 60
846 4649 875 4705 ἦ
916 4650 1028 4713 μέν
1066 4671 1139 4717 γε
1175 4654 1379 4716 μήτηρ
1418 4654 1534 4722 κτέ]
1570 4658 1618 4706 h.
1653 4657 1690 4706 l.
1726 4663 1774 4707 et

1856 3016 2079 3079 adiungit
2113 3015 2369 3080 particulis
2404 3013 2879 3080 μέν-δέ-δέ-δέ-δέ·δε’.
2926 3017 3021 3066 Ce-

1854 3106 2012 3148 terum
2049 3115 2170 3162 quae
2207 3098 2327 3147 dicit
2363 3103 2528 3147 orator
2563 3099 2622 3147 de
2655 3105 2811 3148 matre
2845 3117 2933 3149 sua
2963 3108 3020 3151 et

1857 3197 2003 3231 uxore
2058 3181 2248 3245 aptiora
2302 3181 2365 3229 ad
2411 3182 2703 3246 captandam
2747 3182 3020 3232 misericor-

1855 3264 1986 3313 diam
2022 3264 2238 3313 iudicum
2273 3279 2418 3327 quam
2452 3263 2641 3312 veriora
2675 3270 2803 3314 sunt.
2853 3266 2916 3313 ef.
2951 3267 3016 3314 de

1853 3353 2009 3395 matre
2044 3345 2198 3394 XLVI
2235 3344 2297 3396 79
2335 3362 2406 3409 sq.
2441 3351 2490 3394 et
2521 3347 2580 3394 de
2613 3363 2759 3395 uxore
2789 3347 3011 3398 XXXVI.

1855 3431 1917 3478 45
1954 3435 2002 3478 et
2034 3429 2144 3476 LIX
2185 3428 2281 3477 122
2318 3428 2437 3487 „ubi
2465 3429 2675 3477 affirmat
2705 3445 2875 3478 uxores
2905 3446 3013 3479 esse

1852 3511 2116 3560 liberorum
2142 3511 2564 3575 procreandorum,
2581 3511 2760 3575 pelices
2788 3511 3017 3577 volupta-

1852 3594 1917 3642 tis
1950 3610 2113 3642 causa.

1922 3674 2337 3739 ἐπιθάνατος]
2365 3676 2507 3723 morti
2536 3675 2760 3737 proxima
2790 3675 2876 3738 (ad
2905 3676 3012 3724 vim

1852 3757 2225 3823 praepositionis
2275 3758 2336 3806 cf.
2374 3753 2577 3820 ἐπίτεξ,
2615 3757 2716 3805 sive
2752 3754 3020 3814 ἐπίτοκος,-

1855 3845 1910 3887 ut
1939 3839 2182 3902 sequiores
2218 3838 2489 3899 dicebant),
2518 3854 2610 3886 vox
2630 3855 2867 3903 nusquam
2885 3839 3011 3889 alibi

1853 3926 2068 3984 reperta,
2107 3920 2200 3969 nisi
2236 3920 2364 3983 quod
2394 3919 2570 3969 Pollux
2602 3920 2696 3969 ΙΙῘ.
2731 3920 2826 3968 106
2857 3921 3012 3970 habet

1856 3998 2163 4058 ἐπιθανάτως
2208 3999 2379 4063 ἔχειν,
2429 4007 2478 4050 et
2518 4002 2577 4051 V.
2621 4002 2710 4051 132
2745 4000 3008 4066 φάρμακον

1856 4079 2148 4131 ἐπιθάνατον
2165 4120 2177 4139 ,
2211 4083 2295 4132 ubi
2332 4084 2597 4147 significat:
2634 4084 2871 4148 morttfir.

1925 4163 2057 4212 ὥστε
2103 4162 2398 4224 μκή-ἄλλ’
2432 4164 2462 4222 ἢ
2493 4165 2721 4231 βραχέα]
2763 4167 2821 4215 de
2852 4165 3011 4228 μή·-

1855 4246 1974 4295 ἀλλ’
2011 4243 2039 4302 ή
2075 4247 2134 4295 cf.
2171 4247 2233 4295 ad
2269 4251 2291 4309 ᾗ
2329 4245 2357 4298 7
2395 4245 2708 4296 οῦκ-ἀλλ’
2742 4245 2784 4304 ἥ.

1922 4327 2001 4391 μὴ
2050 4325 2360 4376 δύνασθαι
2404 4326 2509 4376 ’ἔτι
2557 4327 2778 4396 αὐτήν]
2825 4346 2926 4378 acc.
2962 4348 3004 4379 c.

1854 4410 1951 4459 Inf.
1982 4410 2066 4458 ubi
2094 4410 2450 4459 nominativum
2481 4417 2749 4475 exspectes,
2769 4411 2837 4459 sie
2854 4411 3007 4461 etiam

1853 4492 1991 4541 Dem.
2023 4490 2110 4541 IV.
2134 4491 2196 4543 47
2230 4491 2349 4540 ὅταν
2381 4489 3008 4557 ὑμεῖς-ἀποδείξητε-

1855 4574 1988 4624 bio-‘te
2007 4574 2076 4635 μὴ
2097 4573 2292 4625 ἀκούειν
2306 4575 2449 4639 μόνον
2465 4571 2596 4635 ὑμᾶς
2608 4570 2714 4621 κτὲ.
2732 4575 2792 4622 cf.
2805 4574 2905 4635 ad§
2922 4575 3006 4625 34.

1920 4657 2387 4721 προσειποῦσα]
2428 4657 2496 4705 sic
2524 4657 2665 4705 Blass
2692 4672 2780 4721 pro
2799 4657 3005 4720 vulgata

622 4735 673 4783 in
707 4735 1011 4799 paragrapho
1048 4737 1267 4800 sequenti
1301 4745 1550 4788 enumerat
1583 4756 1657 4789 res
1693 4740 1774 4789 do·
1851 4738 2193 4801 προσείπασα,
2259 4755 2405 4803 quam
2457 4740 2662 4788 formam
2713 4743 2879 4787 tuetur
2929 4739 3005 4788 La
