3350 5417
693 796 1111 880 τριηράρχους·
1163 795 1237 862 ὧν
1285 798 1390 864 καὶ
1441 800 1565 878 ἐγὼ
1615 795 1704 873 ἦν.
1755 801 1859 866 καὶ
1907 801 2012 868 τὸν
2056 802 2170 881 μὲν
2219 805 2423 884 καιρὸν
2470 804 2572 870 τὸν
2610 804 3092 885 συμβεβηκότα

690 913 767 987 τῇ
815 902 990 970 πόλει
1039 903 1184 971 τότε
1229 906 1335 970 οὐκ
1387 905 1497 984 ἐμὲ
1543 905 1639 972 δεῖ
1682 907 2027 988 διεξελθεῖν,
2076 907 2230 974 ἀλλ’
2283 911 2448 987 ὑμᾶς
2499 912 2723 983 αὐτοὺς
2763 913 3095 989 ἀναμνησ-

1862 619 1902 685 6

692 1011 898 1089 θῆναι,
949 1006 1040 1075 ὅτι
1089 1018 1284 1084 Τῆνος
1332 1012 1446 1091 μὲν
1493 1015 1978 1096 καταληφθεῖσα
2029 1015 2133 1079 ὑπ’
2182 1016 2589 1097 Ἀλεξάνδρου
2639 1017 3085 1098 ἐξηνδραποδί-

630 1117 658 1164 ⁵
693 1117 840 1192 σθη,
892 1118 1288 1208 ,Μιλτοκύθης
1336 1118 1388 1183 δ’
1435 1121 1805 1200 ἀφειστήκει
1853 1123 1980 1188 ἀπὸ
2032 1122 2256 1196 Κότυος
2306 1123 2410 1188 καὶ
2460 1123 2752 1204 πρέσβεις
2805 1126 3091 1203 ἐπεπόμ-

688 1230 795 1303 Φει
838 1223 971 1304 περὶ
1012 1225 1435 1306 συμμαχίας,
1471 1226 1713 1306 βοηθεῖν
1754 1229 2016 1295 κελεύων
2057 1228 2161 1294 καὶ
2205 1231 2314 1306 τὴν
2340 1229 2697 1312 Χερρόνησον
2722 1230 3081 1311 αποδιὸούς,

761 1388 894 1451 ὑμᾶς
926 1390 1109 1450 αὐτοὺς
1143 1393 1200 1460 S]
1234 1392 1420 1452 αὐτοὺς
1453 1394 1586 1456 ὑμᾶς
1618 1403 1734 1447 cett.
1767 1397 1920 1448 Codd.

760 1535 868 1585 καὶ
910 1537 1017 1585 τὸν
1066 1538 1179 1598 μὲν
1213 1542 1430 1602 καιρὸν
1464 1544 1575 1593 τόν
1611 1548 1842 1610 συμβε·

695 1620 730 1680 β
746 1635 774 1674 n
787 1618 856 1666 κό
866 1619 969 1683 τα]
1002 1622 1164 1680 καιρός
1199 1638 1341 1672 sensu
1375 1629 1606 1692 temporis
1633 1647 1845 1695 praeser-

692 1700 783 1750 tim
810 1717 967 1750 rerum
991 1702 1297 1753 &versurum
1323 1723 1433 1757 raro
1453 1718 1732 1776 usurpatur,
1751 1715 1845 1764 usi-

691 1782 843 1832 tatius
896 1788 969 1831 est
1016 1784 1190 1845 καιροί,
1238 1788 1300 1836 cf.
1345 1790 1493 1840 etiam
1538 1793 1657 1844 Xen.
1708 1795 1841 1848 Hell.

693 1863 779 1914 vl.
826 1864 873 1913 5.
921 1865 1002 1914 33.
1045 1865 1256 1917 Verbum
1304 1873 1595 1934 συμβαίνειν
1626 1879 1843 1928 accidere

694 1947 900 2011 scriptor
960 1948 1223 1999 admodum
1284 1952 1558 2017 frequenter
1613 1967 1840 2025 usurpat,

693 2030 843 2079 octies
888 2030 939 2079 in
982 2030 1075 2079 hac
1109 2033 1354 2095 oratione,
1390 2039 1615 2089 undecies
1650 2042 1703 2091 in
1734 2044 1844 2093 reli-

695 2112 801 2176 quis
852 2112 897 2161 ei
946 2113 1170 2173 tributis,
1221 2115 1297 2164 bis
1348 2125 1511 2169 autem
1556 2138 1700 2172 sensu
1751 2129 1844 2175 τοῦ

694 2194 990 2258 continqm,
1034 2196 1275 2254 obvenire,
1309 2199 1518 2262 XLVII,
1550 2206 1615 2253 49
1650 2206 1843 2269 συμβέ-

695 2274 817 2337 βηκέ
865 2293 950 2338 μοι
996 2279 1310 2341 τριηραρχία,
1353 2288 1402 2332 et
1443 2284 1581 2336 LIII.
1625 2289 1682 2348 5,
1715 2305 1844 2352 συμ-

618 2433 625 2438 .
695 2357 853 2419 βαίνει
891 2356 950 2415 δή
985 2376 1069 2420 μοι
1097 2364 1409 2426 τριηραρχία.

764 2438 869 2489 'Aa
884 2440 946 2504 εξ
960 2439 1027 2489 ἄν
1041 2439 1070 2490 δ
1082 2460 1140 2505 ρο
1155 2445 1208 2509 υ]
1241 2446 1516 2499 Alexander
1538 2451 1618 2501 hic
1637 2459 1710 2502 est
1727 2453 1848 2504 Phe·

695 2538 853 2582 raeus,
893 2524 978 2587 qui
1010 2525 1222 2589 primum
1255 2529 1627 2583 Atheniensium
1661 2536 1846 2586 amicus

696 2605 778 2666 (cf.
835 2605 978 2657 Dem.
1039 2607 1224 2659 XXIII.
1279 2612 1393 2675 120)
1444 2623 1614 2679 postea
1665 2619 1848 2681 hostis,

696 2692 814 2736 tunc
852 2688 1037 2738 Tenum
1071 2701 1415 2757 occupaverat,
1449 2705 1711 2764 postquam
1744 2719 1851 2767 pro-

699 2769 829 2818 ximo
877 2788 1003 2821 anno
1048 2772 1252 2824 classem
1296 2779 1691 2844 Atheniensium,
1727 2786 1847 2834 duce

698 2850 968 2903 Leosthene
980 2892 993 2915 ,
1018 2856 1296 2921 profligavit
1313 2862 1443 2924 apud
1463 2862 1822 2928 Peparaethum
1836 2907 1849 2929 ,

701 2949 796 2997 qua
836 2934 1042 2985 victoria
1075 2938 1196 2987 bene
1231 2956 1346 2989 usus
1383 2942 1611 2995 Piraeum
1646 2948 1851 3014 diripuit

700 3021 749 3064 et
782 3023 1044 3081 antequam
1080 3020 1397 3073 Athenienses
1431 3043 1487 3076 ex
1520 3030 1639 3079 urbe
1666 3032 1851 3081 auxilio

701 3098 863 3148 venire
909 3105 1160 3164 poterant,
1201 3104 1307 3154 vela
1344 3107 1558 3161 dederat.
1591 3113 1650 3161 cf.
1684 3114 1743 3163 de
1775 3114 1852 3163 his

701 3181 1000 3245 temporibus
1034 3183 1210 3247 (Dem.)
1242 3186 1323 3238 LI.
1361 3192 1409 3250 8,
1444 3191 1565 3243 Xen.
1597 3194 1731 3246 Hell.
1763 3196 1850 3246 VI.

702 3264 750 3311 4.
799 3264 862 3312 34
908 3281 978 3329 sq.
1029 3266 1174 3317 Diod.
1226 3269 1327 3320 XV.
1376 3273 1438 3321 95
1485 3284 1535 3324 et
1578 3276 1853 3342 Polyaenus

701 3343 788 3394 VI.
834 3345 881 3395 2.
928 3345 983 3396 2:
1041 3348 1404 3417 (Ἀλέξανδρος)
1454 3355 1699 3422 συνέταξε
1746 3361 1855 3418 τοῖς

702 3422 791 3475 ἐπὶ
814 3431 913 3475 τῶν
942 3434 1054 3477 νεῶν
1085 3428 1167 3480 διὰ
1192 3432 1392 3498 τάχους
1410 3443 1761 3499 προσπλεῦσαι
1780 3447 1851 3505 τῷ

702 3506 944 3571 δείγματι
974 3513 1066 3560 τοῦ
1097 3520 1336 3576 Πειραιῶς
1359 3519 1445 3567 καὶ
1471 3520 1571 3570 ἀπὸ
1603 3527 1703 3571 τῶν
1734 3541 1855 3586 τρα-

704 3588 869 3654 πεζῶν
897 3591 1120 3654 ἁρπάσαι
1145 3597 1214 3645 τοι
1232 3597 1496 3660 χρήματα.
1516 3607 1615 3651 τῶν
1634 3602 1689 3653 δὲ
1707 3623 1853 3667 προσ-

705 3673 953 3723 πλεόντων
1000 3677 1053 3725 οῐ
1092 3675 1334 3736 Ἀθηναῖοι
1377 3684 1553 3745 φιλίας
1598 3687 1697 3745 τὰς
1739 3691 1855 3746 ναῦς

705 3751 826 3804 εἶναι
863 3758 1156 3819 νομίσαντες
1189 3760 1502 3813 ἀπεσκόπουν
1518 3785 1528 3796 ·
1564 3768 1616 3816 οἱ
1646 3766 1701 3817 δὲ
1737 3769 1856 3819 ἀπο-

703 3836 883 3899 βάντες
922 3842 982 3890 τὸ
1017 3846 1286 3905 πολεμικὸν
1322 3845 1571 3909 ἐσήμηναν
1605 3850 1692 3899 καὶ
1721 3869 1855 3901 σπα-

702 3918 908 3982 σάμενοι
959 3925 1056 3982 τας
1107 3928 1369 3989 μαχαίρας
1414 3929 1582 3992 ὥρμων
1626 3928 1712 3981 ἐπὶ
1758 3936 1854 3993 τὰς

698 4002 975 4070 τραπέζας.

768 4088 790 4146 §
829 4088 856 4134 5
892 4089 1329 4160 Μιλτοκύθης]
1361 4097 1556 4160 regulus
1588 4099 1853 4161 Thraciae,

700 4165 903 4230 imperio
935 4170 1104 4237 Cotyis
1136 4176 1404 4239 subiectus,
1436 4181 1498 4229 ab
1530 4181 1619 4230 illo
1651 4182 1853 4243 defecit,

700 4248 782 4297 sed
820 4250 880 4298 ab
911 4252 1288 4307 Atheniensibus
1304 4296 1317 4318 ,
1352 4277 1381 4308 a
1412 4261 1587 4325 quibus
1614 4264 1853 4314 auxilium

699 4330 940 4393 petiverat
1010 4336 1254 4399 desertus,
1302 4343 1458 4392 victus
1491 4350 1579 4406 est,
1615 4347 1677 4394 cf.
1713 4346 1853 4396 Dem.

702 4411 885 4463 XXIII.
939 4417 1062 4478 104,
1111 4421 1204 4470 115
1216 4443 1230 4482 ;
1279 4431 1449 4489 postea
1498 4444 1527 4475 a
1561 4427 1852 4478 Charidemo

703 4494 959 4547 Cardianis
1003 4503 1213 4554 traditus
1259 4523 1356 4557 una
1395 4526 1506 4558 cum
1538 4510 1641 4560 filio
1675 4510 1855 4561 interfi-

701 4576 829 4626 citur
864 4581 926 4629 cf.
960 4580 1145 4633 XXIII.
1183 4587 1277 4637 169
1296 4605 1366 4653 sq.

768 4666 810 4709 1<
823 4662 850 4710 ό
860 4679 895 4710 τ
909 4679 935 4710 υ
949 4681 973 4713 ο
988 4666 1035 4731 ς]
1066 4666 1213 4734 Cotys
1242 4670 1485 4723 Thracum
1511 4675 1707 4738 regulus
1736 4675 1854 4724 ami-

1920 1563 2081 1597 rerum
2125 1546 2311 1612 potitus
2357 1551 2569 1595 mentem
2612 1546 2828 1595 mutavit
2862 1550 2912 1595 et
2946 1545 3088 1610 Iphi-

1920 1634 2052 1678 crate
2103 1644 2278 1692 genero
2324 1628 2588 1678 adiuvante
2605 1666 2617 1686 ‚
2661 1627 2798 1692 regni
2845 1628 2920 1676 sui
2952 1629 3081 1677 fines

1921 1729 2032 1762 cum
2064 1710 2434 1760 Atheniensium
2468 1710 2645 1759 damno
2672 1709 2980 1775 propagavit,
3010 1710 3082 1758 cf.

1920 1795 2061 1844 Dem.
2089 1793 2274 1843 XXIII.
2296 1794 2394 1841 114
2421 1798 2471 1843 et
2489 1793 2601 1842 156.
2619 1792 2880 1857 Superavit
2907 1808 3080 1840 omnes

1920 1878 2066 1927 duces
2125 1877 2188 1925 ab
2241 1874 2619 1924 Atheniensibus
2665 1873 2840 1922 missos
2856 1910 2869 1933 ,
2918 1889 3082 1937 neque

1920 1960 2152 2009 Autocles
2213 1973 2301 2007 nec
2361 1957 2543 2007 Menon
2593 1973 2681 2006 nec
2730 1956 3083 2005 Timomachus

1920 2050 2090 2092 contra
2140 2057 2250 2091 eum
2302 2056 2443 2108 agere
2494 2038 2760 2104 quidquam
2810 2043 3084 2102 potuerunt

1922 2131 1972 2174 et
2014 2124 2213 2174 tandem
2256 2122 2336 2171 01.
2385 2122 2498 2170 105.
2540 2122 2585 2171 1.
2636 2120 2772 2183 (360)
2807 2120 2975 2169 Sestus
3011 2120 3082 2167 ab

1923 2223 1979 2255 eo
2028 2210 2101 2255 est
2146 2209 2396 2269 occupata.
2442 2203 2628 2252 Eodem
2675 2218 2789 2251 vero
2827 2218 2955 2251 anno
2987 2207 3086 2250 aut

1925 2289 2005 2338 Ol.
2053 2289 2165 2337 105.
2204 2288 2235 2337 2
2277 2287 2412 2349 (359)
2445 2291 2644 2336 necatus
2678 2290 2751 2334 est
2790 2301 2820 2333 a
2853 2284 3085 2349 Pythone

1924 2376 1973 2420 et
2000 2370 2266 2419 Heraclida
2295 2368 2631 2427 Aeniensibus‚
2649 2368 2710 2416 cf.
2727 2366 2871 2415 Dem.
2888 2364 3088 2415 XXIII.

1927 2454 2041 2513 119,
2073 2452 2393 2502 Athenienses
2424 2450 2604 2499 amissa
2630 2466 2681 2499 se
2711 2454 3089 2514 recuperaturos

1926 2540 2236 2600 speraverant
2264 2533 2348 2582 sed
2376 2531 2712 2596 Cersobleptes
2729 2530 2898 2595 Cotyis
2916 2530 3055 2579 filius
3071 2569 3087 2589 ,

1927 2617 2122 2668 adiutus
2182 2634 2211 2665 a
2265 2615 2555 2664 Charidemo
2617 2630 2674 2663 ex
2719 2614 2846 2663 Oreo
2861 2652 2874 2673 ,
2922 2613 3088 2677 patris

1926 2700 2185 2765 imperium
2230 2697 2442 2748 servavit
2482 2702 2531 2746 et
2565 2696 2943 2761 Cephisodotus,
2981 2696 3086 2744 dux

1927 2781 2322 2840 Atheniensium,
2402 2795 2513 2828 eum
2589 2794 2751 2843 regem
2819 2793 3087 2842 agnoscere

1927 2869 2122 2914 coactus
2166 2869 2253 2913 est.
2300 2864 2362 2911 cf.
2397 2861 2595 2911 Curtius
2642 2861 2724 2910 Gr.
2761 2860 2934 2909 Gesch.
2980 2859 3086 2909 111.

1927 2964 2007 3013 pg.
2041 2947 2141 2995 463
2175 2963 2215 2995 c.
2250 2951 2353 2995 not.
2390 2945 2470 3004 30,
2506 2944 2590 3009 qui
2619 2943 2698 2993 Ol.
2730 2944 2842 2992 105.
2884 2942 2914 2991 2
2944 2942 3089 3004 (359)

1929 3046 2110 3079 annum
2144 3028 2314 3078 mortis
2339 3028 2504 3092 ponit,
2525 3027 2724 3077 Clinton
2752 3032 2918 3075 tamen
2945 3024 3088 3074 Fast.

1930 3112 2064 3161 Hell.
2083 3111 2157 3161 ed.
2176 3111 2363 3175 Kriiger
2380 3109 2462 3159 Ol.
2486 3110 2598 3159 105.
2618 3110 2643 3158 1
2666 3109 2817 3172 (360),
2834 3109 2894 3158 Δ.
2912 3107 3095 3157 Sohae-

1931 3196 2003 3244 fer
2033 3194 2174 3244 Dem.
2209 3194 2263 3242 1²
2306 3209 2387 3258 pg.
2424 3192 2518 3241 153
2555 3208 2659 3257 sqq.

1999 3272 2159 3326 ἔπεπ
2173 3277 2200 3325 ό
2210 3275 2390 3340 μφει]
2434 3275 2539 3325 scil.
2575 3274 2694 3336 πρὸς
2726 3272 2860 3335 ὑμᾶς
2891 3273 3092 3323 Reiske.

1999 3356 2104 3415 τὴν
2156 3359 2515 3419 Χερρόνησον
2581 3353 2931 3420 ἀποδιδούς]
2977 3356 3094 3405 Iam

1934 3441 2053 3490 olim
2070 3440 2440 3490 Atheniensium
2472 3438 2705 3488 intererat
2730 3438 2784 3487 in
2813 3438 3002 3487 dicione
3018 3444 3093 3488 te-

1932 3540 2045 3573 nere
2071 3522 2438 3579 Chersonesum,
2456 3523 2516 3571 ob
2545 3526 2872 3571 commeatum
2887 3536 3000 3569 cum
3018 3536 3094 3569 re—

1933 3606 2158 3670 gionibus
2183 3606 2311 3655 circa
2327 3606 2539 3654 Pontum
2555 3603 2818 3653 Euxinum.
2836 3603 3090 3652 Pisistrati

1933 3693 2097 3737 autem
2143 3694 2304 3738 aetate
2346 3686 2601 3736 Miltiades
2647 3685 2844 3751 Cypseli
2881 3685 3013 3734 filius
3053 3703 3088 3734 a

1931 3769 2166 3820 Doloncis
2207 3770 2428 3838 princeps
2472 3775 2579 3818 erat
2624 3769 2840 3818 delectus
2874 3769 2952 3830 (cf.
2988 3768 3088 3816 He-

1931 3853 2037 3903 rod.
2075 3851 2155 3902 vl.
2192 3852 2256 3901 34
2288 3855 2393 3917 sq.),
2428 3852 2512 3917 qui
2538 3868 2678 3901 muro
2707 3850 2937 3900 Cardiam
2967 3850 3088 3900 Pac-

1931 3940 2044 4000 tyae
2073 3934 2339 3994 coniunxit,
2368 3950 2462 3998 quo
2492 3949 2693 3999 regnum
2720 3949 2864 3982 suum
2888 3950 2918 3983 a
2934 3933 3087 3982 Thra-

1932 4017 2069 4067 cibus
2114 4017 2408 4068 defenderet.
2454 4016 2571 4066 Mox
2604 4016 2924 4067 Athenienses
2956 4016 3088 4066 colo·

1933 4100 2040 4149 nias
2082 4100 2153 4149 ibi
2186 4100 2406 4151 conditas
2441 4100 2493 4149 in
2528 4101 2697 4150 foedus
2732 4115 2875 4148 suum
2908 4098 3090 4148 ascive-

1933 4188 2074 4243 runt,
2110 4182 2321 4233 Pericles
2359 4199 2468 4232 vero
2504 4182 2631 4231 circa
2666 4181 2747 4231 01.
2785 4181 2864 4231 82.
2887 4181 2916 4229 3
2949 4182 3087 4242 (450)

1933 4265 2071 4315 mille
2119 4265 2247 4315 cives
2286 4266 2604 4316 Athenienses
2633 4281 2689 4315 eo
2717 4264 2854 4314 misit
2887 4261 3087 4324 κληρού-

1932 4363 2077 4410 χους.
2104 4347 2370 4413 Vectigalis
2400 4354 2565 4397 autem
2595 4353 2645 4396 et
2667 4346 2798 4396 socia
2815 4346 2936 4394 haec
2952 4344 3084 4409 regio

1932 4430 2305 4479 Atheniensium
2350 4436 2455 4480 erat
2500 4446 2598 4479 una
2632 4444 2742 4478 cum
2780 4427 3000 4487 Aeolide,
3036 4433 3085 4477 et

1934 4512 2031 4561 oris
2054 4512 2367 4578 Propontidis
2388 4529 2444 4561 ac
2461 4512 2684 4577 Bospori,
2701 4510 2952 4561 continens
2968 4526 3085 4574 qua·

1932 4593 2157 4659 draginta
2185 4594 2306 4643 duas
2334 4594 2492 4644 urbes.
2524 4594 2585 4644 cf.
2615 4592 2792 4643 Busolt
2815 4592 3082 4642 inHandb.

1932 4676 2016 4725 der
2059 4676 2222 4726 Klass.
2262 4675 2476 4726 Alterth.
2519 4675 2663 4725 Wiss.
2709 4676 2787 4725 ed.
2821 4675 2864 4725 1.
2896 4674 3081 4724 Miiller

701 4744 869 4794 citiam
904 4762 1018 4810 erga
1052 4750 1370 4803 Athenienses
1404 4756 1737 4815 simulaverat,
1766 4757 1850 4806 sed
1900 4757 2016 4807 .IV.
2064 4758 2109 4805 1.
2151 4773 2233 4822 pg.
2266 4757 2378 4806 212.
2412 4757 2532 4806 Post
2562 4757 2749 4807 bellum
2782 4757 3080 4823 Peloponne.
