3350 5417
1813 597 1932 680 '22

579 812 640 863 21
678 799 872 862 πλοῦν
921 794 1028 862 καὶ
1077 794 1272 862 πολὺν
1320 794 1424 861 καὶ
1474 795 1803 875 πελάγιον.
1855 794 1960 861 καὶ
2006 792 2185 861 ταῦθ’
2226 795 2369 872 ὑμῖν
2410 793 2513 858 διὰ
2554 798 2765 860 ταῦτα
2810 772 3103 860 ἅπαντα

675 901 1073 983 διηγησάμην
1135 899 1202 978 ἐξ
1266 902 1507 983 άρχῆς,
1569 898 1643 966 ἵν’
1693 900 1894 977 εἰδῆτε
1945 899 2063 966 ὅσα
2111 902 2434 976 άνηλωκῶς
2476 899 2663 973 αὐτὸς
2704 901 2809 966 καὶ
2851 901 3098 979 ἡλίκης

673 1034 777 1089 μοι
842 1008 1264 1089 γεγενημένης
1329 1014 1440 1081 τῆς
1504 1008 1914 1091 λῃτουργίας,
1980 1005 2223 1086 ὕστερον
2289 1004 2406 1072 ὅσα
2471 1006 2864 1085 άναλῶματα
2933 1008 3101 1086 ὑπὲρ

675 1116 892 1182 τούτου
953 1115 1246 1190 άνῆλωσα
1309 1114 1813 1196 ἐπιτριηραρχῶν,
1868 1115 1987 1193 οὐχ
2035 1112 2278 1190 ἥκοντος
2323 1112 2540 1178 τούτου
2589 1113 2689 1177 ἐπὶ
2740 1115 2849 1189 την
2899 1119 3098 1192 ναῦν,
3187 1124 3193 1130 “

677 1222 783 1288 καὶ
848 1219 1149 1291 κινδύνους
1199 1214 1370 1291 ὅσους
1417 1219 1803 1285 ἐκινδύνευσα
1851 1220 2038 1290 αὐτὸς
2088 1217 2231 1298 πρός
2280 1242 2353 1283 τε
2397 1224 2718 1300 χειμῶνας
2768 1219 2869 1284 καὶ
2925 1220 3095 1301 πρὸς

674 1326 1030 1406 πολεμίους.
1080 1326 1248 1402 μετὰ
1297 1327 1424 1408 γὰρ
1474 1328 1583 1402 την
1633 1328 2066 1407 παραπομπὴν
2114 1331 2231 1390 τῶν
2280 1324 2506 1389 πλοίων
2559 1328 2667 1399 την
2714 1326 2799 1397 εἷς
2849 1328 3102 1405 Monach-

676 1458 841 1501 νειαν
890 1432 995 1498 καὶ
1044 1432 1154 1508 την
1201 1428 1420 1512 ἄφιξιν
1466 1434 1576 1505 την
1623 1434 1707 1503 εἷς
1759 1430 1987 1510 Θάσον,
2038 1428 2413 1511 άφικόμενος
2459 1429 2835 1509 παρέπεμπε
2875 1432 3095 1498 πάλιν

676 1540 705 1605 ὃ
751 1536 1136 1620 Τιμόμαχος
1186 1538 1355 1615 μετὰ
1405 1544 1522 1603 τῶν
1571 1539 1816 1603 Θασίων
1865 1538 1952 1608 εἷς
1998 1539 2163 1620 [τὴν]
2211 1536 2502 1616 Στρύμην
2551 1544 2716 1602 σῖτον
2766 1537 2872 1601 καὶ
2927 1552 3099 1603 πελ-

581 1660 645 1711 22
678 1646 957 1725 ταστάς,
1022 1647 1099 1716 ὦς
1162 1644 1688 1726 παραληψόμενος
1753 1642 1940 1715 αὐτὸς
2007 1644 2077 1709 τὸ
2124 1642 2365 1723 χωρίον.
2417 1641 2966 1722 παραταξαμένων
3023 1645 3096 1709 δὲ

674 1758 1048 1830 Μαρωνιτῶν
1095 1753 1241 1828 ἡμῖν
1280 1759 1423 1822 ταῖς
1466 1749 1673 1815 ναυσὶν
1717 1751 1861 1828 ὑπὲρ
1901 1754 2008 1813 τοῦ
2045 1748 2269 1827 χωρίου
2310 1747 2526 1814 τούτου
2568 1748 2672 1813 καὶ
2712 1750 3093 1826 μελλόντων

603 1847 607 1851 ‚
676 1858 1128 1944 ναυμαχήσειν,
1171 1858 1276 1923 καὶ
1319 1864 1436 1923 τῶν
1473 1862 1860 1937 στρατιωτῶν
1901 1855 2335 1936 άπειρηκότων,
2361 1859 2555 1921 πλοῦν
2580 1857 2771 1922 πολὺν
2795 1872 3093 1923 πεπλευ-

677 1968 867 2033 κότων
912 1965 1016 2031 καὶ
1065 1972 1257 2030 πλοῖα
1308 1963 1602 2029 ἑλκόντων
1647 1964 1717 2028 ἐκ
1767 1964 1977 2029 Θάσου
2025 1963 2110 2033 εἷς
2163 1961 2470 2046 Στρύμην,
2524 1960 2615 2025 ἔτι
2662 1962 2724 2027 δὲ
2764 1970 3088 2044 χειμῶνος

677 2072 839 2147 ὄντος
891 2071 996 2138 καὶ
1044 2077 1151 2137 τοῦ
1191 2070 1413 2152 χωρίου
1455 2068 1786 2155 άλιμένου,
1829 2069 1935 2134 καὶ
1977 2068 2237 2145 ἐκβῆναι
2276 2069 2386 2133 ούκ
2424 2066 2483 2132 ὃν
2526 2068 2657 2134 οὐδὲ
2696 2068 3092 2144 δειπνοποιή-

745 2277 768 2337 9
803 2274 863 2323 21
913 2270 997 2321 δια
1043 2273 1217 2321 ταῦτα
1264 2270 1473 2320 ἅπαντα
1521 2272 1737 2334 (propter
1778 2265 2218 2330 δμοιοκάταρκτον)
2253 2231 2351 2317 om.
2384 2266 2417 2315 S
2453 2266 2676 2316 Dindorf.
2710 2293 2780 2305 —
2812 2271 3090 2329 χειμῶνας

676 2356 817 2405 codd.
837 2359 1030 2419 praeter
1057 2353 1114 2419 S]
1143 2356 1373 2416 χειμῶνα
1407 2351 1440 2400 8
1474 2351 1698 2401 Dindori'.
1716 2351 1919 2412 -πρός
1952 2354 2066 2399 ante
2096 2349 2368 2409 πολεμίους
2398 2365 2494 2399 om.
2512 2349 2657 2400 A.—
2674 2347 2767 2405 τῆν
2786 2348 2857 2407 εἷς
2874 2350 3092 2400 Reiske:

678 2431 777 2486 τῦν
804 2435 892 2494 εἷς.
926 2462 995 2475 —
1030 2434 1122 2492 τὴν
1161 2440 1274 2484 ante
1307 2431 1535 2495 Στρύμην
1572 2433 1690 2483 secl.
1718 2433 1879 2482 Blass.

746 2523 768 2581 §
805 2518 869 2568 22
906 2516 993 2566 καὶ
1026 2517 1183 2566 πλοῖα
1222 2513 1464 2565 ἑλκόντων
1502 2533 1597 2577 om.
1635 2513 1871 2565 8.-καῖ
1906 2520 2019 2564 ante
2054 2511 2199 2580 ξένων
2234 2530 2330 2564 om.
2369 2515 2512 2564 A.—

745 2710 948 2759 πλοῦν
982 2706 1091 2757 καὶ
1117 2707 1322 2756 πολὺν
1352 2704 1461 2755 καὶ
1491 2704 1838 2771 πελάγιον]

678 2791 1027 2856 naviqationem
1060 2792 1246 2854 lonqam
1267 2805 1360 2853 per
1389 2790 1539 2837 altum
1558 2805 1703 2848 mare,
1725 2805 1837 2853 opp.

680 2871 986 2935 αἰγιάλειος,
1004 2872 1261 2920 secundum
1279 2871 1433 2920 littus.
1457 2869 1574 2920 Voc.
1593 2869 1837 2932 πελάγιος

680 2956 811 3021 apud
841 2954 1220 3003 Demosthenem
1238 2969 1336 3001 non
1355 2953 1564 3002 occurrit
1578 2991 1591 3013 ,
1609 2950 1837 3014 πέλαγος

679 3037 866 3087 XXIII.
897 3036 991 3085 169
1029 3041 1078 3085 et
1106 3034 1282 3098 (Dem.)
1313 3034 1495 3085 LVIII.
1517 3036 1596 3093 54.
1634 3035 1837 3085 XXXII.

681 3122 736 3181 2,
772 3123 819 3180 4,
855 3116 1075 3168 XXXIV.
1117 3118 1177 3167 31
1197 3156 1210 3177 ,
1258 3123 1389 3167 errat
1441 3134 1554 3183 ergo
1606 3117 1840 3182 Lortzing

678 3220 760 3269 pg.
798 3203 859 3251 56
895 3201 1214 3250 contendens:
1260 3198 1644 3259 „Demosthenes
1682 3216 1838 3264 neque

679 3283 904 3347 πέλαγος
939 3300 1095 3348 neque
1135 3280 1382 3345 πελάγιος
1418 3282 1620 3331 habet”.

748 3367 863 3430 §21
915 3364 1024 3415 καὶ
1058 3363 1241 3416 ταῦθ’
1283 3362 1429 3425 ύμῖν
1449 3385 1516 3402 -ι-
1535 3361 1841 3426 διηγησά-

682 3466 762 3512 μη
776 3467 798 3498 ν
846 3444 914 3514 ἐξ
958 3446 992 3497 ἀ
1003 3464 1025 3508 ρ
1038 3464 1083 3510 χ
1097 3449 1124 3503 ἥ
1140 3447 1188 3512 ς]
1223 3446 1343 3495 satis
1377 3445 1564 3511 prolixe
1599 3444 1840 3495 rationem

681 3530 844 3581 reddit
861 3534 1025 3579 orator
1038 3545 1123 3578 cur
1138 3529 1260 3578 haec
1278 3529 1442 3578 omnia
1460 3534 1563 3577 tam
1577 3528 1775 3578 verbose
1793 3533 1842 3578 et

685 3613 972 3679 singulatim
1000 3611 1272 3662 narraverit
1303 3616 1360 3660 ut
1395 3615 1417 3673 §
1437 3611 1466 3658 2
1485 3612 1730 3675 professus
1753 3616 1841 3660 est.

753 3695 827 3744 ‘lv’
875 3712 898 3745 ε
917 3692 1101 3750 ἶδῆτε
1130 3722 1199 3732 -
1229 3692 1353 3741 ὕστ
1370 3708 1507 3754 ερον
1544 3691 1664 3740 ὅσα
1700 3691 1839 3741 άνα-

688 3777 966 3840 λώματα
993 3804 1062 3815 -—
1091 3773 1602 3833 ἀνήλωσα-καὶ
1636 3772 1842 3824 κινδύ-

687 3876 828 3913 νους
905 3857 1097 3917 ὅσους
1168 3854 1622 3922 ἐκινδύνευσα]
1692 3873 1844 3922 prava

689 3948 763 3993 est
821 3943 942 3991 haec
1003 3939 1288 4005 compositio
1303 3978 1317 4000 ,
1368 3940 1516 3988 verba
1566 3939 1696 3989 enim
1748 3938 1843 3990 ὅσα

689 4023 1005 4087 ἀναλώματα
1042 4039 1406 4089 supervacanea
1441 4027 1556 4072 sunt
1592 4027 1642 4072 et
1675 4022 1845 4072 addita

688 4124 791 4156 esse
836 4107 1063 4156 videntur
1097 4105 1158 4154 ab
1195 4111 1385 4155 oratore
1401 4144 1414 4165 ,
1449 4111 1505 4154 ut
1538 4120 1647 4153 cum
1687 4104 1845 4154 verbis

687 4189 920 4255 proximis
956 4186 1201 4245 κινδύνους
1236 4187 1380 4245 ὅσους
1418 4187 1711 4251 conspirent.

755 4271 809 4319 ἵν
846 4287 870 4319 ε
882 4269 901 4317 ι’
913 4267 941 4318 ὃ
951 4271 979 4325 ἥ
994 4287 1029 4318 τ
1042 4270 1088 4335 ε]
1118 4274 1311 4334 praeter
1329 4271 1379 4319 h.
1403 4268 1438 4318 l.
1453 4268 1606 4317 sexies
1627 4267 1844 4317 invenies

689 4354 738 4402 in
778 4352 873 4401 hac
909 4352 1127 4402 oratione
1160 4368 1336 4417 nempe
1370 4356 1417 4414 §§
1448 4352 1494 4411 3,
1524 4351 1604 4411 10,
1645 4351 1725 4410 41,
1763 4350 1844 4409 45,

691 4435 769 4497 57,
807 4436 887 4485 65.

755 4534 789 4566 α
805 4515 833 4565 ύ
848 4517 919 4565 τὸ
938 4515 984 4581 ς]
1034 4516 1066 4565 i.
1086 4533 1127 4566 e.
1166 4514 1285 4578 ὑπὲρ
1317 4513 1542 4578 ἐμαυτοῦ
1554 4554 1567 4575 ,
1587 4531 1700 4580 opp.
1720 4512 1841 4576 ὑπὲρ

688 4597 890 4650 τούτου.

754 4677 1067 4745 Στρύμην]
1099 4681 1214 4729 urbs
1247 4681 1298 4730 in
1328 4698 1413 4730 ors.
1447 4680 1684 4729 Thraciae
1719 4679 1839 4738 sita,

687 4761 879 4812 colonia
923 4761 1213 4811 Thasiorum
1259 4764 1319 4812 cf.
1358 4762 1537 4810 Herod.
1574 4760 1688 4809 VII.
1727 4761 1839 4810 108.

1918 2705 2115 2755 Incolae
2148 2704 2294 2753 huius
2331 2705 2466 2754 urbis
2502 2722 2531 2753 a
2567 2704 2762 2754 Thasiis
2798 2706 3092 2757 defecerant

1918 2792 1968 2836 et
2027 2786 2388 2837 Maronitarum
2452 2787 2722 2837 amicitiam
2774 2788 3093 2852 petiverant,

1918 2870 2261 2919 Timomachus
2290 2875 2457 2920 autem
2488 2887 2546 2919 ex
2575 2869 2737 2919 alieno
2768 2869 3089 2920 incommodo

1919 2969 2057 3002 suam
2106 2959 2308 3017 captans
2342 2952 2645 3001 occasionem
2682 2952 2912 3016 Strymon
2949 2970 3095 3003 occu·

1918 3052 2033 3099 pare
2063 3035 2301 3098 agitavit,
2333 3051 2456 3098 quae
2486 3051 2560 3083 res
2577 3050 2751 3099 parum
2770 3035 2816 3084 ei
2833 3036 3093 3085 successit.

1919 3118 1981 3166 cf.
2020 3117 2126 3179 §22
2161 3123 2211 3166 et
2248 3118 2311 3166 ad
2347 3118 2470 3179 914.

1986 3199 2093 3262 922
2144 3196 2706 3263 παραταξαμένων
2761 3195 2879 3265 κτὶ]
2917 3201 2979 3249 de
3018 3217 3094 3250 or·

1920 3282 2031 3331 dine
2068 3283 2322 3331 verborum
2358 3284 2420 3331 cf.
2457 3283 2519 3332 ad
2557 3282 2679 3345 §14.

1987 3364 2359 3429 προσοίκων]
2420 3364 2514 3413 hoc
2577 3380 2683 3415 voc.
2762 3363 2886 3413 alibi
2950 3367 3092 3431 apud

1920 3447 2297 3497 Demosthenem
2330 3463 2426 3495 non
2457 3445 2719 3506 invenitur,
2756 3446 2841 3511 qui
2876 3455 3092 3512 usurpat

1922 3546 2027 3579 voc.
2061 3530 2348 3591 πρόσχωρος
2382 3529 2461 3578 vel
2497 3528 2667 3590 ὅμορος
2703 3529 2763 3579 cf.
2798 3529 2932 3578 XIX.
2968 3530 3092 3590 244,

1922 3611 2107 3660 XVIII.
2143 3611 2256 3670 241,
2293 3610 2522 3676 Lortzing
2556 3627 2621 3675 pg
2660 3612 2738 3660 56.

1989 3696 2189 3742 πλοῦν
2236 3693 2730 3759 πεπλευκότων]
2778 3694 2935 3758 figura
2986 3702 3092 3761 ety-

1922 3775 2179 3840 mologica.
2215 3776 2277 3825 cf.
2313 3776 2375 3825 ad
2411 3776 2500 3838 92.

1991 3854 2149 3919 ἔκβῆ
2167 3874 2264 3905 ναι
2296 3854 2405 3906 οῦκ
2429 3855 2518 3923 ’όν]
2549 3857 2869 3907 Accusativus
2891 3859 3093 3910 absolu-

1923 3946 2002 3990 tus
2036 3939 2216 4005 excipit
2250 3939 2533 3989 Genitivum
2579 3940 2889 4000 absolutum,
2940 3958 3092 4008 saepe

1925 4023 1995 4072 ita
2023 4022 2285 4087 participia
2315 4022 2464 4071 variis
2495 4021 2687 4071 casibus
2729 4022 2856 4071 inter
2891 4039 2942 4071 se
2983 4024 3093 4073 iun·

1926 4110 2121 4169 guntur,
2155 4105 2218 4154 cf.
2252 4104 2363 4169 Lys.
2401 4103 2514 4152 XII.
2552 4104 2614 4151 69
2666 4104 2753 4152 ubi
2787 4105 2897 4154 vide
2937 4107 3092 4155 1⁴’roh-

1924 4187 2108 4250 berger,
2153 4186 2303 4236 Isocr.
2337 4186 2418 4235 lX.
2457 4186 2519 4234 85
2562 4185 2647 4234 ubi
2684 4186 2951 4236 Schneider
2982 4188 3093 4252 plu-

1925 4269 2049 4317 rima
2114 4267 2336 4333 exempla
2384 4284 2440 4316 ex
2494 4268 2797 4318 orationibus
2846 4268 3089 4320 Isocratis

1924 4351 2150 4415 collegit,
2202 4351 2390 4414 Kriiger
2435 4350 2691 4414 (Sprachl.)
2740 4355 2762 4413 9
2801 4351 2881 4400 56.
2919 4352 2999 4400 14.
3038 4353 3090 4403 2.

1923 4433 2069 4496 Apud
2115 4433 2361 4481 Romanos
2406 4432 2690 4497 praesertim
2734 4431 2905 4480 Livius
2951 4432 3090 4483 hunc

1924 4515 2142 4564 ordinem
2186 4519 2392 4579 usurpat
2443 4515 2504 4564 cf.
2539 4514 2696 4564 XXII.
2734 4514 2815 4563 28.
2836 4514 2890 4562 I:
2926 4531 3088 4580 neque

1924 4598 2052 4647 enim
2099 4597 2359 4662 quicquam
2395 4613 2508 4646 eum
2541 4597 2748 4647 fallebat
2781 4601 2830 4645 et
2863 4598 3086 4662 perfugis

1921 4680 2080 4730 multa
2116 4679 2446 4729 indicantibus
2481 4685 2529 4729 et
2563 4695 2649 4743 per
2683 4695 2795 4728 suos
2831 4679 3089 4743 exploran-

1921 4768 2047 4819 tem,
2076 4767 2126 4810 et
2152 4760 2210 4810 V.
2244 4761 2319 4810 18.
2342 4762 2369 4806 Β
2400 4777 2510 4809 cum
2529 4768 2692 4811 annot.
2712 4761 3078 4812 Weissenborn.
