3350 5417
728 578 797 625 IV
1702 539 2146 627 INTRODUOTIO.

729 744 894 807 circa
959 741 1059 807 Ol.
1128 741 1277 806 103.
1350 741 1383 806 1
1435 740 1622 822 (368)
1669 753 1735 805 et
1781 740 1878 806 Ol.
1935 740 2083 807 104.
2134 741 2175 806 3
2225 740 2516 827 (362>1).
2564 741 2640 806 In
2684 743 2806 807 hoc
2854 762 3131 806 munere

728 847 1014 912 obeundo
1075 846 1481 932 diligentiam
1535 851 1601 911 et
1646 852 1912 933 gratum
1961 847 2238 912 ostendit
2284 850 2576 912 animum
2623 868 2779 934 erga
2822 869 2960 912 rem
3003 868 3134 932 pu-

725 952 960 1018 blicam
976 1000 994 1030 ,
1079 972 1239 1037 quae
1309 958 1557 1037 patrem
1627 954 1767 1017 eius
1832 973 1982 1017 cum
2048 951 2267 1017 liberis
2335 955 2587 1019 civitati
2662 953 3126 1037 adscripserat;

724 1060 964 1123 iterum
1025 1059 1200 1122 enim
1260 1058 1644 1122 trierarchus
1710 1077 1944 1122 navem
2004 1060 2256 1143 privato
2318 1064 2587 1143 sumptu
2653 1058 2981 1143 splendide
3024 1059 3132 1121 in-

727 1166 996 1242 struxit,
1067 1166 1468 1249 optimosque
1540 1169 1764 1229 nautas
1834 1168 1897 1228 et
1967 1166 2247 1250 remiges
2321 1164 2609 1229 mercede
2679 1164 2983 1229 conduxit
3053 1168 3130 1229 et

724 1292 840 1356 pro
888 1269 1133 1357 collega
1179 1270 1459 1334 officium
1505 1269 1788 1354 explevit
1817 1268 1890 1348 2).
1939 1268 2040 1333 Ex
2085 1270 2202 1334 hac
2249 1269 2726 1356 magnificentia
2774 1276 2984 1335 tamen
3033 1268 3127 1333 lis

725 1384 822 1441 est
859 1381 997 1441 orta
1014 1424 1032 1454 ,
1074 1397 1234 1461 quae
1271 1382 1731 1462 argumentum
1771 1375 1966 1439 huius
1982 1422 2000 1452 ,
2041 1396 2238 1460 quam
2277 1374 2673 1441 tractandam
2699 1377 3122 1461 sumpsimus,

726 1484 1028 1547 orationis
1076 1482 1286 1547 efficit.

813 1587 1110 1675 Polycles
1138 1594 1188 1669 3)
1249 1590 1422 1652 enim
1482 1606 1802 1652 successor
1861 1588 1929 1650 in
1989 1608 2253 1652 munere
2273 1637 2287 1664 ,
2352 1588 2419 1653 id
2483 1591 2802 1674 suscipere
2865 1588 3083 1654 noluit
3103 1638 3122 1667 ,

724 1694 992 1759 Athenis
1051 1695 1389 1771 remansit,
1453 1713 1866 1778 quaecunque
1928 1695 2120 1758 amici
2184 1692 2552 1778 Apollodori
2611 1700 3082 1780 proposuerunt
3103 1743 3122 1771 ,

722 1800 1087 1885 repudiavit
1144 1803 1483 1885 ipsumque
1545 1799 1802 1876 derisit,
1864 1819 1977 1862 nec
2037 1801 2415 1884 priusquam
2474 1800 2809 1886 plebiscito
2860 1806 3124 1866 coactus

723 1911 819 1969 est
863 1904 1145 1970 Thasum
1163 1952 1181 1982 ,
1228 1905 1341 1970 ubi
1387 1903 1603 1968 classis
1650 1904 1861 1968 stabat
1878 1952 1894 1980 ,
1937 1904 2133 1981 abiit;
2183 1906 2274 1970 ibi
2311 1911 2528 1970 tamen
2565 1927 2796 1971 navem
2835 1909 3125 1991 accipere

724 2016 790 2076 et
833 2010 1219 2096 Apollodoro
1268 2012 1483 2075 omnia
1531 2030 1805 2094 expensa
1852 2014 2143 2075 accurate
2192 2032 2563 2077 enumerare
2600 2014 2886 2090 volenti,
2932 2033 3123 2077 aures

721 2118 1018 2202 praebere
1085 2116 1293 2182 noluit
1311 2164 1329 2194 ,
1403 2114 1949 2201 magnificentiam
2020 2121 2082 2180 et
2159 2120 2357 2182 socios
2428 2117 2684 2183 navales
2751 2117 3123 2183 luxuriosos

722 2225 1116 2288 criminatus.
1201 2221 1657 2286 Timomachus
1730 2226 1948 2285 autem
1967 2269 1985 2296 ,
2060 2220 2246 2286 classi
2313 2223 2668 2308 praefectus
2686 2272 2703 2302 ,
2775 2223 3122 2311 Polyclem

721 2351 847 2392 non
911 2328 1103 2393 modo
1177 2349 1302 2391 non
1373 2328 1548 2412 cogit
1618 2346 1853 2391 navem
1914 2328 2193 2411 accipere
2212 2374 2230 2404 ,
2297 2328 2398 2392 sed
2468 2331 2668 2393 etiam
2729 2328 3120 2413 Apollodoro

718 2436 998 2518 imperat
1016 2482 1031 2511 ,
1084 2453 1474 2518 quamquam
1519 2437 1778 2516 tempus
1822 2434 2108 2496 muneris
2155 2435 2214 2497 ei
2252 2438 2551 2499 exactum
2591 2440 2721 2512 est,
2761 2440 2839 2498 ut
2877 2455 3116 2499 navem

724 2540 928 2604 denuo
977 2537 1419 2603 conscenderet
1469 2541 1534 2602 et
1581 2537 1785 2602 officio
1834 2538 2168 2602 trierarchi
2213 2539 2609 2626 fungeretur,
2661 2561 2786 2625 qua
2832 2541 3107 2616 iniuria,

720 2647 775 2708 si
835 2644 1134 2709 audimus
1200 2641 1691 2728 Apollodorum,
1753 2645 1973 2728 ipsum
2035 2642 2275 2722 affecit,
2342 2645 2511 2730 quod
2560 2650 2625 2709 et
2672 2647 2927 2709 triremi
2973 2649 3111 2709 tam

720 2749 1045 2835 splendide
1106 2751 1419 2814 instructa
1477 2747 1736 2813 volebat
1796 2751 1896 2813 uti
1944 2753 2008 2813 et
2054 2747 2439 2834 Apollodoro
2488 2751 2895 2815 succensebat
2942 2750 3112 2835 quod

720 2853 1165 2922 Callistratum
1228 2853 1515 2919 exsulem
1579 2852 2031 2918 Atheniensem
2095 2853 2404 2920 Methona
2450 2853 2736 2920 Thasum
2783 2877 2862 2921 ne
2911 2862 3110 2920 trans-

718 2961 976 3026 veheret
1037 2965 1418 3037 recusasset,
1486 2958 1755 3043 denique
1820 2957 1990 3043 quod
2052 2958 2506 3025 Timomachus
2569 2963 2841 3047 triginta
2903 2964 3111 3025 minas

718 3071 978 3132 mutuas
1023 3070 1345 3151 acceperat
1393 3086 1430 3130 a
1476 3063 1760 3150 Polycle.
1811 3064 1952 3150 Ipse
2003 3065 2225 3131 deinde
2271 3087 2505 3132 navem
2553 3066 2928 3152 Apollodori
2973 3089 3111 3133 con-

719 3172 960 3236 scendit
1006 3177 1069 3236 et
1117 3172 1196 3236 ad
1241 3170 1738 3255 Hellespontum
1787 3169 1932 3236 vela
1979 3171 2127 3236 dare
2172 3174 2366 3236 iussit
2388 3173 2460 3254 ⁴).

806 3278 1089 3344 Tandem
1107 3327 1122 3356 ,
1184 3283 1528 3364 postquam
1591 3275 2015 3360 Apollodorus
2078 3276 2224 3362 plus
2297 3281 2575 3364 quinque
2647 3299 2898 3343 menses
2962 3284 3101 3363 post

715 3382 1090 3471 legitimum
1152 3390 1408 3470 tempus
1468 3384 1596 3447 fuit
1650 3383 2037 3448 trierarchus
2054 3431 2069 3461 ‚
2122 3383 2579 3450 Timomachus
2630 3384 2898 3450 classem
2917 3433 2936 3462 ,
2983 3405 3103 3469 qua

716 3511 841 3555 non
880 3489 1159 3577 amplius
1196 3490 1560 3576 indigebat,
1600 3490 1671 3552 in
1711 3490 1991 3572 patriam
2031 3492 2321 3568 remisit,
2365 3495 2429 3553 et
2466 3490 2788 3577 Lycinum
2806 3539 2822 3567 ,
2864 3512 2898 3555 e
2939 3510 3099 3575 pago

714 3595 977 3662 Pallena
995 3646 1011 3674 ,
1077 3597 1350 3661 navibus
1397 3596 1768 3680 praeposuit
1786 3643 1802 3673 ,
1855 3597 1959 3659 cui
2005 3617 2238 3661 navem
2280 3595 2653 3681 Apollodori
2697 3601 2774 3661 ut
2821 3617 3101 3662 conscen-

716 3701 892 3768 deret
951 3707 1016 3768 et
1077 3704 1291 3766 nautis
1340 3703 1678 3786 pecuniam
1726 3699 2004 3765 solveret
2048 3704 2396 3787 imperavit
2423 3704 2498 3787 5).
2571 3701 2753 3783 Quod
2803 3724 2952 3767 cum
2997 3702 3100 3765 hic

714 3831 842 3874 non
880 3814 1331 3894 exsequeretur
1365 3806 1790 3893 Apollodorus
1808 3855 1826 3885 ,
1868 3808 1982 3872 ubi
2017 3806 2346 3873 Tenedum
2385 3808 2733 3893 appulsum
2756 3814 2871 3886 est,
2898 3809 3098 3873 denuo

715 3936 793 3979 ex
822 3914 1102 4003 -Polycle
1151 3916 1467 3999 quaesivit
1512 3919 1738 3977 utrum
1781 3934 2014 3979 navem
2062 3916 2342 4000 accipere
2382 3919 2962 4000 supererogataque
2986 3912 3100 3979 sol-

712 4040 860 4085 vere
902 4025 1163 4105 paratus
1208 4025 1370 4086 esset
1415 4040 1493 4084 an
1539 4041 1704 4098 non,
1753 4041 1831 4084 ne
1878 4018 2177 4108 Polycles
2224 4022 2658 4086 contumaciae
2721 4041 2872 4085 suae
2931 4022 3101 4084 vani-

785 4265 832 4325 1)
868 4264 1093 4325 Schaefer‚
1129 4267 1253 4315 Add.
1291 4283 1371 4331 pg.
1411 4267 1506 4317 146
1542 4267 1722 4330 (Dem.)
1760 4284 1948 4332 argum.
1981 4268 2021 4316 L
2056 4274 2106 4317 et
2139 4268 2276 4317 LIII.
2314 4269 2359 4316 5.

784 4346 832 4407 2)
866 4346 1043 4409 (Dem.)
1077 4348 1133 4397 L.
1171 4348 1218 4408 7,
1253 4350 1333 4409 40,
1376 4349 1454 4400 58.

783 4428 830 4490 3)
864 4429 1090 4489 Boeckh,
1135 4430 1282 4480 Seew.
1331 4447 1411 4496 pg.
1457 4432 1554 4481 249
1590 4433 1719 4481 hunc
1755 4433 1961 4481 eundem
1996 4448 2099 4480 esse
2135 4431 2438 4495 suspicatur,
2478 4432 2613 4480 cuius
2649 4448 2824 4481 nomen
2861 4432 3100 4481 invenitur

712 4521 766 4571 in
805 4510 981 4571 titulo,
1018 4512 1102 4575 qui
1135 4512 1348 4576 pertinet
1383 4513 1445 4562 ad
1481 4530 1657 4562 munus
1687 4513 1941 4562 trierarchi
1974 4513 2053 4561 Ol.
2088 4514 2235 4562 105.4
2266 4511 2400 4575 (357)
2431 4513 2508 4562 vel
2541 4513 2621 4562 01.
2649 4514 3099 4577 106.1(356),00m—

711 4593 947 4655 probante
982 4595 1041 4644 A.
1079 4596 1288 4643 Schaefer
1331 4596 1457 4646 Add.
1492 4611 1571 4660 pg.
1611 4598 1726 4646 149.
2298 4659 2303 4664 θ

778 4676 827 4735 4)
861 4675 1038 4738 (nem.)
1071 4677 1125 4726 L.
1162 4677 1376 4726 43—52.
1548 4663 1553 4670 ’
1691 4729 1698 4734 ,
2183 4680 2229 4740 5)
2266 4678 2321 4727 L.
2363 4677 2443 4727 53.
