3350 5417
1125 611 1131 618 ⁹
1250 647 1692 695 mraouuo'no,
2574 651 2662 696 vn

228 811 457 876 facere
528 834 671 876 non
746 815 1129 897 repugnavit
1196 817 1295 889 et,
1367 814 1581 876 iussus
1601 860 1616 889 ,
1686 813 1934 896 primus
1997 815 2356 897 portionem
2434 814 2665 878 tributi

232 919 779 1002 repraesentavit
831 919 900 982 in
947 918 1152 983 tribus
1200 919 1385 1004 pagis
1402 966 1419 996 ,
1469 938 1584 982 nec
1630 929 1851 1002 postea
1896 939 2263 1003 recuperare
2310 921 2448 983 eius
2494 940 2664 983 sum-

234 1043 393 1088 mae
474 1024 849 1109 quidquam
920 1025 1164 1108 potuit,
1229 1045 1381 1088 cum
1447 1023 1703 1087 absente
1763 1026 1903 1106 ipso
1969 1045 2224 1088 omnem
2290 1026 2626 1109 pecuniam
2645 1072 2661 1101 ,

232 1135 493 1194 exacta
558 1128 822 1193 facilem
881 1131 1300 1215 symmoritae
1360 1131 1495 1193 iam
1556 1130 1917 1213 exegissent
1974 1137 2038 1193 et
2086 1134 2361 1193 ceteram
2407 1133 2664 1215 exigere

236 1233 732 1320 neglexissent.
780 1233 954 1299 Haec
990 1236 1224 1311 omnia,
1266 1238 1331 1298 et
1370 1233 1539 1319 quod
1576 1231 1871 1319 Polycles
1912 1254 1977 1297 se
2002 1255 2232 1299 navem
2256 1240 2665 1319 accepturum

237 1342 539 1426 negavit
587 1347 734 1424 post
769 1339 1143 1425 legitimum
1183 1345 1442 1424 tempus
1486 1341 1772 1403 muneris
1808 1340 1934 1423 ipsi
1973 1345 2289 1416 exactum,
2332 1338 2666 1405 confirmat

1089 1444 1504 1509 Testimoniis
1551 1441 1858 1528 §7—10.

344 1551 395 1616 3
466 1551 788 1636 Sequitur
849 1553 1161 1635 expositio
1227 1551 1304 1615 de
1368 1549 1785 1615 dissolutione
1846 1552 2130 1615 triremis
2146 1598 2163 1628 ,
2228 1571 2389 1635 quae
2436 1551 2672 1615 oratori

240 1657 577 1722 acciderit
596 1705 612 1733 ,
684 1677 808 1720 non
876 1660 1130 1741 accepto
1203 1659 1377 1721 enim
1447 1656 1763 1740 stipendio
1830 1658 1999 1720 intra
2063 1662 2203 1720 octo
2265 1676 2514 1720 menses
2533 1690 2567 1732 ,·
2599 1658 2669 1719 in

242 1767 554 1848 patriam
602 1764 870 1827 revertit
915 1783 1064 1826 cum
1110 1760 1345 1847 legatis
1393 1782 1427 1825 e
1468 1758 1855 1828 Chersoneso
1873 1808 1891 1838 ,
1933 1782 2058 1846 quo
2099 1761 2305 1826 denuo
2342 1761 2489 1826 vela
2525 1761 2673 1825 dare

246 1869 458 1934 debet
522 1871 595 1932 in
654 1870 807 1933 navi
867 1889 1086 1933 secum
1147 1867 1382 1932 ducens
1448 1866 1787 1932 Menonem
1809 1915 1830 1945 ,
1895 1887 2321 1932 successorem
2382 1866 2671 1931 Autoclis

248 1976 673 2060 magistratu
743 1974 970 2039 deiecti
986 1995 1004 2052 3
1077 1994 1192 2059 pro
1265 1973 1691 2038 desertoribus
1764 1972 1921 2038 alios
1991 1978 2219 2038 nautas
2290 1973 2665 2048 conscribit,

254 2089 524 2145 veteres
589 2080 705 2164 qui
762 2082 829 2143 in
890 2082 1041 2144 navi
1101 2084 1466 2143 manserant
1484 2126 1498 2152 ,
1563 2078 1745 2143 donis
1806 2083 2202 2143 muneratur.
2250 2077 2539 2162 Populus
2586 2076 2664 2141 ob

254 2188 515 2251 merita
584 2206 737 2250 eum
800 2185 881 2249 ad
941 2206 1202 2250 coenam
1257 2183 1587 2269 publicam
1648 2186 1717 2248 in
1776 2184 2100 2272 Prytaneo
2161 2189 2366 2249 vocat.
2432 2180 2669 2248 Confir-

258 2297 543 2356 mantur
590 2290 749 2355 haec

824 2394 1236 2460 Testimoniis
1283 2400 1348 2459 et
1393 2394 1725 2480 plebiscito
1771 2394 2120 2479 §ll—13.

364 2502 409 2566 4
470 2501 703 2586 Pergit
748 2507 961 2565 orator
1003 2521 1258 2565 narrare
1305 2521 1465 2584 quae
1513 2501 1681 2565 facta
1726 2504 1878 2565 sint·
1899 2505 2043 2586 post
2089 2500 2465 2586 legitimum
2512 2503 2671 2562 tem-

264 2629 395 2693 pus
463 2611 766 2671 exactum
828 2605 987 2671 duce
1047 2605 1482 2671 '1¹imomacho.
1546 2605 1869 2671 Permulti
1929 2610 2161 2670 nautae
2208 2626 2439 2670 navem
2485 2623 2669 2667 suam

268 2713 733 2787 deseruerunt,
799 2713 935 2795 ipse
997 2731 1304 2797 magnam
1366 2713 1671 2796 pecuniae
1719 2732 2045 2776 summam
2089 2717 2389 2775 mutuam
2431 2712 2632 2774 sumit
2651 2757 2667 2785 ,

268 2825 339 2883 et
408 2816 883 2881 Euctemonem
952 2816 1511 2881 subcenturionem
1574 2838 1770 2880 suum
1832 2816 2262 2901 Lampsacum
2323 2818 2530 2880 mittit
2591 2818 2667 2878 ut

266 2929 503 2987 nautas
569 2941 766 3006 quam
826 2924 1103 3005 optimos
1167 2921 1575 2999 conduceret,
1639 2943 1935 2986 reversus
1996 2920 2106 2985 ille
2168 2921 2380 2986 subito
2440 2921 2663 2985 morbo

268 3035 369 3095 est
416 3026 795 3112 implicatus
813 3074 831 3104 ,
878 3034 941 3091 et
987 3032 1305 3092 recreatus
1352 3029 1419 3090 in
1465 3029 1741 3112 patriam
1780 3030 2019 3091 missus
2056 3032 2172 3091 est.
2213 3025 2665 3091 Timomachus

268 3133 503 3199 incolis
585 3132 913 3197 Maroniae
997 3155 1244 3198 morem
1327 3135 1498 3219 gerit
1578 3138 1644 3197 et
1706 3152 1902 3197 naves
1964 3134 2277 3197 onerarias
2339 3131 2418 3196 ad
2480 3130 2664 3194 illam

270 3242 506 3306 urbem
584 3245 681 3304 est
755 3242 1098 3303 comitatus
1116 3287 1132 3316 ,
1197 3239 1306 3304 sed
1367 3238 1559 3324 paulo
1620 3245 1795 3324 post,
1858 3259 2008 3303 cum
2070 3238 2295 3302 urbem
2358 3235 2664 3322 Strymon

270 3365 590 3430 occupare
637 3349 989 3422 conaretur,
1036 3344 1116 3408 ab
1138 3411 1143 3416 ,
1164 3344 1396 3408 118ᾶο111
1442 3343 1783 3409 Maronitis
1822 3365 1890 3408 re
1927 3343 2161 3407 infecta
2199 3343 2372 3408 abire
2412 3346 2665 3405 coactus

269 3459 389 3517 est.
460 3448 948 3516 Contumaciam
1006 3448 1291 3536 Polyclis
1339 3458 1589 3527 narrat,
1637 3449 1948 3535 neglectis
1996 3448 2289 3533 precibus
2332 3447 2670 3512 Euctemo-

270 3561 373 3621 nis
393 3605 411 3633 ,
479 3558 679 3619 soceri
725 3557 1206 3641 amicorumque
1256 3554 1658 3640 Apollodori,
1708 3562 1772 3620 et
1818 3576 2012 3641 quam
2058 3552 2513 3618 contumeliose
2556 3550 2669 3615 ille

274 3683 341 3726 se
388 3661 699 3747 gesserit,
747 3680 911 3744 quae
957 3663 1172 3725 omnia
1216 3660 1570 3745 probantur

915 3765 1332 3830 Testimoniis
1378 3763 1731 3849 §14-28,
1780 3765 2002 3829 deinde

370 3871 412 3936 5
451 3869 687 3935 Multis
723 3871 1382 3956 argumentationibus
1425 3870 1820 3936 demonstrat
1849 3891 1915 3934 se
1937 3867 2295 3956 Polyclem,
2320 3873 2662 3953 postquam

280 3979 361 4043 ad
422 3975 691 4040 classem
708 4023 725 4053 ,
786 3975 979 4041 'Phasi
1040 3976 1415 4062 degentem,
1474 3976 1785 4063 proficisci
1844 3980 2097 4040 coactus
2159 3976 2244 4037 sit
2289 3972 2622 4058 plebiscito
2639 4020 2657 4048 ,

278 4087 519 4148 iterum
572 4089 762 4166 atque
820 4083 1059 4145 iterum
1105 4081 1456 4146 obsecrasse
1503 4088 1577 4146 ut
1622 4101 1851 4145 navem
1900 4082 2209 4164 acciperet
2254 4097 2662 4163 supereroga-

281 4197 471 4274 taque
533 4185 844 4264 solveret,
906 4193 972 4252 et
1023 4186 1554 4265 Timomachum,
1604 4185 1791 4251 classi
1838 4184 2263 4271 praefectum,
2312 4184 2391 4249 ob
2439 4203 2660 4248 causas

279 4293 431 4359 alibi
477 4291 880 4379 proferendas
924 4293 1076 4357 huic
1120 4313 1367 4357 morem
1413 4295 1687 4379 gessisse
1709 4339 1725 4368 ‚
1776 4311 1937 4377 quae
1985 4310 2084 4353 res
2132 4288 2588 4355 confirmantur

1063 4396 1470 4463 Testimoniis
1515 4394 1866 4482 §29-37,

374 4503 415 4569 6
462 4502 690 4569 Denuo
736 4523 949 4568 coram
996 4502 1413 4569 Timomacho
1462 4500 1790 4590 Polyclem
1830 4501 2188 4565 obtestatur
2226 4522 2462 4567 navem
2514 4502 2670 4566 acci-

286 4613 417 4695 piat
440 4658 455 4686 ,
520 4615 973 4694 supererogata
1033 4609 1113 4673 ab
1158 4608 1335 4672 illius
1381 4608 1625 4695 collega
1672 4611 1887 4692 poscet
1935 4610 2165 4680 orator,
2215 4608 2327 4672 sed
2373 4606 2669 4693 Polycles

286 4735 491 4801 nugas
537 4733 726 4800 agere
771 4734 924 4778 eum
971 4714 1338 4799 respondet,
1388 4715 1464 4780 de
1515 4733 1639 4800 qua
1687 4734 1753 4777 re
1801 4713 2107 4776 recitatur
