3350 5417
1453 650 1543 718 23

284 838 570 917 σασθαι,
633 835 944 914 πολεμίας
1006 841 1114 909 τῆς
1179 835 1388 917 χώρας
1438 834 1621 913 οὔσης
1672 836 1778 903 καὶ
1829 839 2318 919 περικαθημένων
2366 836 2572 922 κύκλῳ
2618 842 2689 908 τὸ

282 952 518 1026 τεῖχος
586 942 690 1009 καὶ
755 940 935 1021 ξένων
980 941 1357 1030 μισθοφόρων
1406 942 1510 1006 καὶ
1560 943 1897 1024 βαρβάρων
1946 944 2291 1025 προσοίκων,
2340 947 2688 1025 ἀναγκαῖον

402 1051 540 1115 ·’ἑπ
604 1048 886 1128 ἀγκύρας
950 1046 1365 1113 ἀποσαλεύειν
1428 1050 1538 1124 την
1603 1049 1797 1114 νύκτα
1858 1052 2234 1129 μετεώρους,
2283 1052 2532 1124 ἀσίτους
2581 1053 2685 1119 καὶ

288 1158 687 1238 ἀγρύπνους,
747 1155 1256 1236 φυλαττομένους
1304 1157 1392 1231 μὴ
1440 1163 1552 1226 τῆς
1603 1158 1814 1228 νυκτὸς
1867 1158 2012 1234 ἧμιν
2059 1157 2381 1222 ἐπιθῶνται
2428 1159 2498 1224 αἱ
2543 1169 2691 1225 Μα-

184 1273 257 1323 8⁸
286 1270 554 1344 ρωνιτῶν
615 1262 886 1344 τριήρεις.
951 1259 1044 1326 ἔτι
1106 1262 1171 1326 δὲ
1232 1260 1462 1340 συνέβη
1526 1284 1638 1336 τκς
1705 1262 1918 1336 νυκτὸς
1980 1260 2102 1347 ωρα
2164 1265 2337 1336 ἔτους
2387 1261 2535 1344 ύδωρ
2584 1267 2688 1331 καὶ

287 1371 568 1451 βροντὰς
630 1394 733 1435 και
796 1393 1025 1447 ανεμον
1087 1367 1297 1446 μέγαν
1363 1367 1648 1447 γενέσθαι
1713 1369 1847 1455 (ὑπ’
1910 1372 2113 1444 αύτάς
2178 1394 2307 1451 γαρ
2370 1372 2692 1437 Πλειάδων

292 1477 504 1548 δύσεις
547 1478 601 1542 οι
644 1474 844 1558 χρόνοι
890 1470 1052 1541 ουτοι
1102 1469 1304 1554 ἦσαν),
1356 1472 1424 1551 ἐξ
1469 1469 1545 1539 ὧν
1594 1477 1735 1541 τίνα
1776 1478 1881 1540 οὐκ
1921 1474 2193 1542 okeos*
2149 1502 2191 1542 ω
2233 1473 2440 1558 ανδρες
2482 1478 2693 1543 δικασ-
2720 1476 2852 1527 1214

291 1585 407 1650 ταὶ
456 1592 585 1656 τοῖς
632 1583 1038 1665 στρατιωταις
1088 1580 1357 1659 ἀθυμίαν
1405 1582 1737 1659 ἑμπεσεινς
1787 1581 1980 1658 πόσην
2023 1581 2090 1648 δέ
2127 1607 2229 1660 μοι
2271 1585 2441 1661 μετα
2480 1587 2689 1650 ταῦτα

292 1688 636 1770 ἀπόλειψιν
694 1688 980 1769 γενέσθαι
1046 1689 1261 1767 πάλιν,
1326 1694 1443 1753 τῶν
1490 1687 1773 1770 ἀρχαίων
1821 1695 2059 1754 ναυτῶν
2098 1689 2689 1772 ταλαιπωρουμένων

365 1843 669 1906 μισθοφόρων
703 1843 818 1894 secl.
852 1843 1026 1892 Cobet.
1041 1868 1110 1881 —

367 1926 476 1990 §28
510 1924 593 1974 ’ότι
628 1924 708 1992 δὶ]
744 1921 856 1974 ἔπει
888 1922 945 1974 δὲ
979 1924 1151 1989 SFQ.
1167 1950 1238 1963 —-

368 2067 912 2135 περικαθημένων]
949 2069 1097 2133 vulgo
1133 2070 1227 2119 hoc
1258 2070 1458 2128 verbum

296 2158 564 2218 usurpatur
625 2168 769 2201 sensu
821 2151 1072 2201 obsidendi
1128 2152 1323 2211 urbem,
1375 2152 1460 2200 sed

296 2236 379 2285 hic
446 2235 687 2300 significat
736 2237 898 2283 castra
937 2249 1148 2298 ponere,
1198 2234 1279 2282 illi
1329 2234 1459 2283 enim

298 2317 487 2368 milites
532 2316 823 2366 conducticii
868 2321 917 2365 et
961 2316 1160 2367 barbari
1192 2315 1313 2366 socii
1345 2320 1461 2366 sunt

302 2400 678 2449 Maronitarum.

370 2478 465 2531 επ’
510 2478 804 2544 ἀγκύρας
849 2477 1325 2547 ἀποσαλεύειν]
1361 2497 1461 2528 σα-

302 2562 518 2613 λεύειν
553 2564 894 2628 eiremaqere,
930 2579 1132 2623 versare,
1161 2563 1311 2612 etiam
1341 2563 1457 2613 intr.

302 2646 578 2710 eirenaaqi,
606 2645 806 2704 versas-i,
834 2644 1073 2710 imprimis
1091 2646 1151 2694 de
1167 2646 1284 2695 navi
1301 2646 1458 2695 ventis

300 2730 489 2778 iactata
519 2735 782 2792 usurpatur
800 2729 863 2778 cf.
880 2727 1029 2792 Soph.
1047 2729 1105 2778 Ο.
1125 2728 1185 2778 R.
1203 2728 1292 2777 23·
1311 2729 1458 2786 πόλις

298 2813 401 2874 γὰρ
458 2808 547 2867 ἤδη
599 2809 733 2873 ἄγαν
781 2808 1012 2871 σαλεύει,
1058 2811 1144 2859 ubi
1188 2808 1456 2865 801ιο1..ἥ

300 2894 566 2954 μεταφορὰ
610 2891 711 2942 ἀπὸ
758 2897 857 2940 τῶν
903 2891 1289 2958 χειμαζομένων
1329 2897 1456 2940 νεῶν.

298 2975 517 3024 avoca
531 2973 681 3024 λεύε
695 2992 747 3022 ιν
778 2974 1019 3038 significat
1035 2979 1390 3038 exto-aporiam,
1405 2975 1459 3023 in

296 3058 403 3106 alto
430 3057 553 3106 nari
580 3073 700 3117 esse,
729 3059 792 3106 cf.
814 3056 965 3106 Thuc.
997 3057 1040 3107 Ι.
1061 3056 1174 3109 137.
1195 3059 1242 3106 3.
1271 3055 1335 3105 ἒπ
1338 3056 1460 3120 ’ἀγ-

298 3137 453 3200 κύρας
480 3137 839 3188 ἀποσαλεύεινι
870 3140 922 3187 in
951 3140 1053 3188 alto
1076 3140 1199 3188 mari
1225 3140 1295 3188 ad
1324 3155 1460 3190 anco-

294 3239 403 3271 mn·
430 3221 716 3278 consister&
733 3220 883 3270 etiam
906 3222 1235 3285 metaphorice
1254 3227 1459 3272 utuntur

296 3304 610 3368 scriptorese.
624 3320 670 3367 g.
680 3299 748 3351 ἐπ
750 3301 1013 3365 ’ἀγκύραιν
1026 3302 1157 3352 δυοῖν
1168 3304 1331 3366 ὁρμεῖν
1345 3322 1458 3353 τινα

298 3383 412 3436 δᾶνι
444 3386 569 3435 hanc
585 3386 905 3435 conditionem
922 3386 1225 3450 alicuiferre
1242 3391 1298 3435 ut
1313 3391 1456 3451 optet,

294 3468 1457 3530 utmkoonalitaniuudef.<1)em.)lv1.44.

366 3547 773 3610 μετεάρους,
802 3548 1079 3607 ἀσίτους
1109 3549 1211 3599 και
1238 3549 1460 3613 ἀγρύπ-

296 3648 465 3691 νους,
533 3629 1093 3694 φυλαττομένους
1169 3632 1249 3698 μὴ
1317 3631 1457 3699 κτὲ]

298 3714 612 3778 Δεγιιιίοῐοιι,
664 3730 789 3778 quae
834 3715 991 3778 figura
1024 3714 1075 3764 in
1112 3716 1204 3764 hac
1239 3715 1458 3766 oratione

298 3811 396 3846 non
429 3797 525 3846 nisi
559 3796 654 3846 hoc
685 3796 796 3845 loco
831 3796 1117 3857 adhibetur,
1153 3797 1205 3847 in
1232 3799 1460 3849 orationi·

298 3878 389 3928 bns
435 3879 729 3945 Apollodori
774 3895 883 3928 raro
924 3887 1185 3944 usurpatur
1218 3882 1280 3931 cf.
1313 3881 1457 3930 XLV.

298 3961 379 4021 86,
412 3963 495 4022 39,
528 3959 715 4011 XLVII
753 3961 834 4022 30,
860 3961 1093 4026 Siggl..l
1121 3979 1201 4027 pg.
1230 3964 1344 4022 418,
1367 3963 1460 4013 De·

296 4045 572 4094 nno-thonos
589 4050 755 4094 tamen
775 4044 900 4093 hanc
920 4046 1126 4109 figuram
1145 4045 1289 4095 valde
1306 4054 1455 4097 amat.

362 4126 583 4176 Tiberius
637 4126 769 4191 apud
816 4127 1023 4191 Spengel
1070 4128 1238 4178 Rhett.
1286 4129 1456 4179 Graec.

294 4208 507 4261 111.78
558 4209 680 4259 dicit
731 4208 791 4258 de
842 4208 1194 4260 Demosthene.
1243 4216 1315 4274 τῷ
1365 4211 1456 4272 μὶν

298 4289 535 4356 σχήματι
565 4289 814 4353 κέχρηται
844 4289 874 4348 ἢ
907 4291 1024 4340 κατ’
1047 4290 1207 4352 ’ὄνομα
1235 4292 1305 4349 εἷς
1333 4296 1458 4349 πλῆ-

298 4372 401 4432 θος,
444 4373 473 4430 ἢ
520 4374 659 4422 κατὰ
708 4378 862 4421 κῶλον
896 4372 967 4430 εἷς
1002 4372 1224 4434 κάλλος,
1254 4373 1284 4432 ἢ
1318 4377 1454 4424 κατὰ

296 4456 467 4519 κόμμα
502 4454 573 4512 εἷς
609 4450 883 4516 ἐνέργειαν,
931 4453 961 4512 ἢ
994 4456 1130 4505 κατὰ
1165 4456 1351 4514 τόπους
1384 4456 1454 4514 εἷς

300 4539 653 4598 λαμπρότητα.
684 4535 918 4585 Nostrum
949 4544 1024 4587 est
1045 4539 1299 4588 verborum
1317 4556 1456 4604 asyn-

299 4619 457 4678 deton,
480 4619 612 4685 qnod
630 4617 915 4683 plerumque
934 4620 986 4669 in
1006 4621 1452 4671 enumerationibus

300 4701 572 4752 adhibetur.
611 4702 677 4750 cf.
713 4716 856 4764 porro
875 4701 1052 4751 Strsub
1071 4703 1143 4752 l.1.
1161 4719 1240 4767 pg.
1262 4704 1360 4753 119
1378 4721 1450 4768 sq.

1537 2070 1805 2135 significat,
1852 2071 2001 2135 vulgo
2045 2076 2210 2120 tamen
2251 2071 2310 2119 de
2343 2075 2528 2119 aestate
2562 2087 2697 2120 usur-

1535 2158 1682 2218 patur
1722 2153 2194 2203 of.'1.'hu0.11.52.
2233 2154 2277 2213 1,
2315 2151 2455 2202 Dem.
2491 2152 2578 2203 IV.
2614 2154 2694 2213 32,

1535 2234 1667 2284 Plat.
1702 2234 1849 2300 Legg.
1879 2235 1991 2286 XII.
2018 2252 2098 2301 pg.
2118 2236 2215 2284 989
2237 2235 2291 2294 F,
2308 2235 2580 2300 Hesychius
2594 2233 2693 2296 ἷύρα

1535 2315 1683 2375 ’ba-ove,-
1720 2318 1881 2378 καιρὸς
1913 2316 2087 2374 ἕτους,
2121 2318 2181 2366 τὸ
2217 2315 2305 2379 ’ἔαρ
2341 2317 2426 2366 και
2454 2318 2514 2367 τὸ
2548 2315 2690 2379 θέρος.

1535 2399 1889 2465 Moschopulus
1932 2399 2079 2457 ’έτους
2128 2398 2252 2461 ὥραν
2299 2398 2430 2457 ἰδίως
2465 2401 2525 2449 τδ
2564 2397 2693 2462 θέρος

1536 2484 1692 2546 φασὶν
1742 2484 1795 2532 οἱ
1841 2483 2086 2532 ’.Αττικοί
2142 2483 2235 2532 Sed
2287 2483 2436 2533 etiam
2486 2483 2545 2532 de
2580 2482 2693 2531 aliie

1537 2565 1654 2614 anni
1687 2566 1987 2630 temporibus
2022 2570 2260 2631 usurpant
2292 2566 2564 2631 scriptores,

1605 2645 1764 2710 ὕδωρ
1813 2647 1924 2697 και
1969 2649 2254 2710 βροντὰς
2301 2647 2408 2696 καῖ
2455 2646 2692 2712 άνεμον

1536 2727 1744 2795 μέγαν
1774 2729 2115 2796 γενέσθαι]
2146 2733 2207 2780 cf.
2236 2729 2417 2780 Herod.
2441 2729 2583 2778 VIII.
2602 2730 2692 2778 12·

1538 2810 1741 2875 ἐγένετο
1769 2810 1824 2861 δὲ
1855 2811 1977 2874 ὕδωρ
1997 2829 2058 2862 τε
2076 2813 2300 2865 άπλετον
2318 2811 2400 2862 διὰ
2417 2810 2582 2869 πάσης
2601 2810 2694 2868 τῆς

1536 2894 1713 2951 νυκτὸς
1731 2894 1816 2943 και
1832 2894 2044 2956 σκληραὶ
2061 2895 2273 2957 βρονταί
2291 2896 2349 2944 G.
2369 2895 2435 2944 H.
2452 2894 2693 2943 Schaefer.

1604 2975 1702 3024 ὑπ’
1766 2974 1977 3034 αὐτὰς
2031 2978 2152 3040 γὰρ
2210 2975 2548 3027 Πλειάδων
2605 2973 2696 3024 δύ-

1537 3059 1698 3124 σεις]
1748 3056 1995 3116 Πλειάδες
2046 3060 2116 3122 (in
2170 3059 2353 3108 fabulis
2403 3066 2520 3109 sunt
2561 3058 2694 3107 filiae

1536 3141 1754 3190 Atlantis
1799 3147 1849 3191 et
1895 3141 2138 3203 Pleiones)
2188 3141 2416 3191 occidunt
2449 3159 2496 3190 a.
2531 3141 2579 3190 d.
2613 3140 2696 3189 III

1535 3223 1612 3273 Id.
1647 3223 1775 3274 Nov.
1809 3225 1871 3275 cf.
1906 3224 2036 3275 Plin.
2065 3224 2128 3275 H.
2158 3224 2222 3275 N.
2252 3223 2439 3273 XVIII.
2470 3224 2528 3272 31
2574 3222 2695 3286 (74),

1537 3323 1734 3357 occasus
1787 3324 1900 3373 ergo
1946 3307 2123 3358 hiemis
2168 3307 2367 3357 initium
2410 3306 2596 3356 indicat
2639 3312 2695 3356 ut

1536 3396 1671 3439 ortus
1700 3390 1899 3441 initium
1926 3392 2144 3451 aestatis,
2173 3391 2235 3442 cf.
2265 3390 2466 3440 Hesiod.
2490 3389 2548 3438 O.
2567 3393 2615 3437 et
2632 3388 2693 3439 D.

1538 3472 1635 3521 883
1688 3488 1813 3537 sqq„
1857 3476 1956 3524 614
2001 3490 2122 3539 sqq,
2169 3475 2301 3538 apud
2344 3472 2589 3521 Romanos
2633 3470 2694 3519 iis

1536 3570 1713 3604 nomen
1732 3556 1828 3605 fuit
1854 3556 2089 3619 Verqiziae
2117 3556 2179 3606 cf.
2198 3555 2363 3605 Plaut.
2381 3554 2559 3619 Amph.
2580 3551 2694 3611 275,

1536 3637 1957 3701 Propert.1.8.
2015 3638 2103 3688 10.

1637 3718 1703 3769 Et
1738 3720 1804 3770 sit
1837 3721 1966 3770 iners
1994 3720 2149 3771 tardis
2182 3720 2352 3769 navita
2387 3718 2630 3783 vergiliis.

1536 3800 1611 3850 De
1642 3798 1741 3850 ύπό
1768 3819 1809 3854 c.
1837 3819 1937 3852 acc.
1968 3803 2030 3852 ad
2058 3801 2479 3852 determinandum
2501 3806 2693 3865 tempus

1537 3884 1599 3933 cf.
1619 3883 2213 3949 Kuhner(Gramm)11
2235 3885 2280 3934 1.
2298 3899 2378 3948 pg.
2397 3881 2626 3932 454.111.
2644 3883 2693 3932 2.

1604 3962 1670 4028 ἐξ
1707 3960 1782 4014 ων
1816 3962 1933 4029 κτὲ]
1968 3966 2294 4030 Inter-rogatio
2328 3964 2596 4023 rhetorica,
2634 3964 2693 4014 de

1537 4062 1633 4111 qua
1668 4046 1779 4097 vide
1814 4049 1879 4097 ad
1915 4049 1938 4109 ς
1978 4049 2022 4097 1.

1604 4127 2257 4196 ταλαιπωρουμένων]
2359 4130 2691 4189 ταλαιπωρεῖν

1533 4211 1729 4276 proprie
1764 4220 1862 4262 est·
1895 4211 2105 4272 labores,
2134 4211 2354 4261 miserias
2368 4213 2594 4277 perferre
2613 4212 2688 4260 cff.

1534 4292 1674 4342 Dem.
1713 4293 1783 4344 Π.
1822 4292 1901 4342 16.
1938 4293 2188 4358 Aristoph.
2224 4293 2336 4358 Lys.
2372 4294 2530 4343 1220.

1600 4380 1735 4423 ΘΕΡ.
1773 4374 1818 4424 εἷ
1855 4370 1910 4421 δὲ
1945 4372 2076 4423 πάνυ
2112 4373 2190 4423 δεῖ
2219 4378 2374 4425 τοῦτο
2410 4374 2524 4437 δρᾶν

1771 4455 1885 4517 ύμιν
1905 4454 2232 4518 χαρίσασθαι,
2254 4455 2694 4519 προσταλαιπωριὶ·

2523 4554 2581 4587 σο
2624 4555 2691 4596 εν,

1631 4625 1734 4668 ΧΟ.
1773 4617 1962 4677 Χῆμεῒς
2005 4636 2070 4681 γε
2114 4622 2250 4682 μετα
2285 4625 2377 4670 σοῦ
2421 4556 2693 4688 guva-arae-

2389 4701 2692 4764 παρήσομεν.

364 4788 387 4846 9
428 4785 492 4834 23
544 4782 668 4848 unz
718 4779 933 4850 Eirene]
987 4784 1036 4834 h.
1086 4784 1122 4834 l.
1174 4790 1449 4835 autumnum
1529 4784 1666 4834 'rhun
1715 4783 1754 4828 V
1803 4781 1885 4834 78.
1918 4783 2130 4844 2,74.2.
