3350 5417
703 553 813 598 XIV
1666 551 2109 601 INTRODUO'HO.

698 725 918 785 exacto
965 739 1288 784 successor
1333 716 1414 781 ad
1458 737 1692 782 navem
1739 737 1864 780 non
1912 718 2163 782 veniret
2207 723 2321 782 aut
2367 739 2433 788 se
2482 740 2625 784 eam
2671 728 3062 805 accepturum

694 832 958 915 negaret
975 874 992 904 ,
1067 823 1451 889 trierarchus
1518 825 1587 887 in
1670 825 1826 887 navi
1893 823 2222 901 manebat,
2290 823 2399 889 sed
2470 832 2770 911 sumptus
2830 827 2906 891 ab
2961 824 3061 890 illo

696 938 952 1020 exigere
1012 936 1077 996 et
1138 929 1380 995 solvere
1442 926 1689 993 nolenti
1746 930 2061 993 intentare
2119 931 2434 994 actionem
2481 938 3063 1017 supererogatorum

697 1037 1396 1122 (ἐπιτριηραρχήματος)
1422 1031 1474 1116 1)
1520 1038 1789 1119 poterat.

786 1145 966 1226 Quod
1027 1149 1093 1208 et
1152 1143 1369 1219 navis,
1417 1160 1603 1225 saepe
1651 1160 1801 1204 cum
1849 1141 2262 1204 armamentis
2283 1187 2299 1217 ‚
2352 1145 2418 1205 et
2464 1142 2781 1226 stipendia
2824 1140 3064 1227 publice

694 1252 1024 1326 dabantur,
1089 1247 1450 1312 trierarchis
1510 1252 1654 1330 post
1716 1265 1953 1309 munus
1999 1249 2295 1310 exactum
2345 1245 2517 1330 apud
2563 1249 2868 1325 λογιστὰς
2914 1248 3062 1311 ratio

688 1355 1002 1422 reddenda
1071 1360 1206 1417 erat
1233 1354 1304 1431 ²),
1376 1353 1556 1416 navis
1626 1351 2086 1435 inspiciebatur
2154 1372 2190 1416 a
2262 1354 2654 1438 magistratu
2673 1403 2691 1430 ‚
2760 1360 2822 1419 et
2887 1372 3062 1418 omne

690 1463 998 1528 damnum
1042 1462 1291 1544 praeter
1337 1456 1504 1541 quod
1550 1454 1790 1540 proelio
1839 1454 2055 1521 navali
2103 1455 2207 1522 vel
2269 1463 2651 1543 tempestate
2693 1466 2825 1525 erat
2866 1478 3066 1540 accep·

690 1573 835 1633 tum
853 1616 869 1645 ,
932 1564 1184 1630 reficere
1245 1561 1627 1627 trierarchus
1691 1562 1955 1627 debebat
1982 1568 2052 1642 ³).
2102 1561 2173 1626 Si
2222 1553 2556 1628 trierarchi
2605 1585 2641 1628 a
2689 1568 3061 1651 magistratu

684 1674 1089 1739 dissentirent
1135 1670 1211 1734 de
1252 1671 1494 1733 ratione
1533 1667 1779 1733 reddita
1800 1715 1816 1745 ‚
1860 1668 2260 1732 curatoribus
2300 1669 2633 1735 navalium
2676 1679 2740 1736 et
2762 1669 3060 1736 Heliastis

691 1777 1171 1844 diiudicandum
1217 1780 1354 1840 erat
1379 1775 1451 1855 ⁴).

646 1961 656 1971 ·
780 1883 1246 1949 Posterioribus
1284 1880 1683 1964 temporibus
1722 1877 1877 1943 belli
1914 1878 2432 1963 Peloponnesiaci
2471 1903 2622 1946 cum
2661 1905 2808 1969 opes
2830 1884 3063 1948 civium

687 1992 1070 2056 imminutae
1134 1991 1339 2051 essent
1401 1991 1465 2050 et
1526 1984 1855 2049 trierarchi
1920 1983 2025 2047 vel
2084 2005 2280 2049 naves
2340 2007 2465 2050 non
2523 1989 2591 2050 in
2638 1992 2922 2073 tempore
2966 1982 3064 2051 vel

682 2125 1021 2134 o--—---—,.-.-..

687 2208 814 2257 inter
849 2223 899 2256 se
929 2205 1022 2254 viri
1055 2203 1203 2253 docti.
1237 2203 1456 2266 Droysen
1493 2202 1630 2262 (iiber
1663 2201 1742 2250 die
1778 2202 2038 2252 Aechtheit
2073 2204 2158 2252 der
2191 2204 2458 2254 Urkunden
2486 2206 2538 2254 in
2565 2206 2915 2257 Demosthenes
2942 2203 3064 2253 Rode

687 2305 800 2339 vom
839 2289 999 2338 Kranz
1033 2303 1113 2351 pg.
1150 2287 1244 2334 165
1281 2284 1377 2347 sq.)
1419 2285 1629 2348 putabat
1664 2300 1876 2343 annum,
1913 2302 2006 2348 quo
2042 2285 2336 2335 trierarchus
2373 2304 2559 2336 munus
2594 2289 2729 2338 obire
2763 2289 2993 2346 debebat,
3024 2290 3069 2333 et

686 2371 896 2435 incipere
948 2376 997 2418 et
1038 2366 1168 2417 finiri
1212 2367 1380 2415 eodem
1426 2371 1643 2429 tempore
1691 2382 1785 2429 quo
1835 2366 2004 2414 ceteris
2051 2368 2436 2430 magistratibus.
2485 2368 2627 2418 Hanc
2661 2370 2936 2434 opinionem
2970 2368 3065 2415 iure

685 2450 986 2516 oppugnavit
1031 2449 1242 2497 Boeckh.
1283 2445 1437 2511 (lh-kq
1475 2451 1523 2495 ii.
1571 2446 1617 2495 d.
1666 2447 1814 2495 Seew.
1855 2463 1933 2511 pg.
1979 2447 2070 2499 172
2107 2452 2229 2513 sqq.)
2266 2455 2315 2498 et
2349 2466 2406 2498 ex
2443 2450 2765 2515 descriptione
2800 2459 3064 2516 temporum

685 2534 737 2582 in
766 2535 858 2582 hac
893 2532 1112 2581 oratione
1148 2531 1447 2578 demonstrat
1481 2528 1608 2577 illud
1645 2544 1762 2593 „per
1797 2530 2011 2578 annum’'
2046 2530 2315 2594 significare
2352 2548 2469 2597 „per
2503 2534 2760 2583 duodecim
2793 2531 3024 2583 menses''.

753 2616 962 2679 Tempus
1009 2612 1138 2662 enim
1183 2610 1395 2660 muneris
1434 2610 1736 2674 Apollodoro
1782 2610 1921 2670 iniit,
1960 2613 2224 2661 secundum
2258 2613 2456 2663 Boeckh
2472 2653 2484 2674 ,
2520 2615 2760 2665 rationem
2795 2613 2975 2664 Ideleri
3001 2628 3064 2660 se-

687 2704 939 2762 quentem,
993 2713 1036 2744 a.
1073 2696 1120 2743 d.
1158 2693 1299 2741 XVII
1346 2693 1453 2741 Cal.
1500 2693 1607 2742 Oct.
1657 2692 1755 2740 362
1804 2698 1852 2741 et
1900 2692 2018 2741 exiit
2052 2710 2097 2742 a.
2133 2694 2179 2743 d.
2221 2694 2292 2743 lV
2328 2695 2454 2744 Non.
2491 2695 2623 2760 Sept.
2660 2698 2772 2746 361.
2803 2697 3062 2760 Postquam

682 2779 958 2843 legitimum
997 2784 1188 2841 tempus
1232 2775 1277 2823 ei
1322 2780 1544 2823 exactum
1579 2780 1680 2833 est,
1713 2790 1799 2837 per
1833 2774 2155 2839 quadraginta
2192 2776 2405 2842 quinque
2440 2778 2542 2826 dies
2578 2778 2640 2826 ad
2674 2777 3056 2843 promuntorium

685 2860 912 2910 Hieronis
962 2864 1185 2924 expectat
1231 2873 1405 2916 naves,
1448 2856 1529 2919 qui
1573 2861 1686 2919 post
1732 2860 1894 2906 ortum
1930 2858 2229 2908 matutinum
2262 2858 2458 2907 Arcturi
2492 2876 2548 2907 ex
2584 2860 2742 2909 Ponto
2776 2861 3058 2925 navigarent

683 2945 763 3006 (cf.
800 2947 822 3005 §
853 2943 933 3002 19)
979 2941 1152 3003 (Ortus
1188 2945 1353 2988 autem
1385 2936 1655 2986 matutinus
1692 2946 1797 2986 erat
1834 2941 2039 2991 Athenis
2076 2959 2121 2991 a.
2157 2942 2204 2990 d.
2238 2940 2296 2989 X.
2333 2940 2438 2990 Cal.
2476 2940 2631 3003 Oct.),
2665 2948 2715 2992 et
2746 2943 2896 3008 paulo
2924 2945 3057 3008 post,

684 3042 795 3075 cum
844 3025 1035 3073 Sestum
1084 3021 1307 3080 revertit,
1355 3021 1452 3069 duo
1502 3036 1688 3069 menses
1722 3027 1833 3085 post
1863 3024 2144 3087 legitimum
2177 3030 2368 3086 tempus
2402 3024 2757 3087 praeterierunt
2790 3026 2874 3087 (cf.
2911 3029 2934 3087 §
2968 3022 3062 3080 20).

682 3108 802 3156 Post
845 3121 1069 3156 occasum
1114 3104 1394 3162 Pleiadum,
1437 3103 1521 3166 qui
1558 3109 1674 3151 tunc
1712 3108 1816 3151 erat
1851 3122 1895 3154 a.
1933 3107 1980 3154 d.
2015 3106 2072 3153 X.
2110 3106 2185 3155 Id.
2221 3104 2362 3164 Nov„
2396 3106 2724 3169 Apollodorus
2760 3107 2907 3155 etiam
2943 3100 3064 3154 mari

681 3189 906 3252 navigat,
943 3193 992 3236 et
1026 3186 1171 3235 multi
1210 3192 1390 3234 nautae
1423 3200 1598 3240 navem
1633 3184 1736 3232 eius
1772 3185 2114 3246 deseruerunt,
2151 3188 2267 3235 dum
2303 3192 2399 3235 tres
2434 3203 2621 3236 menses
2655 3195 2766 3253 post
2792 3189 3061 3253 legitimum

682 3277 874 3335 tempus
913 3269 1177 3317 secundum
1211 3272 1541 3315 accusatorem
1575 3266 1930 3329 praeterierunt
1965 3269 2045 3328 (cf.
2081 3271 2103 3329 §
2145 3268 2243 3329 23).
2279 3267 2332 3316 Si
2366 3285 2476 3332 ergo
2513 3270 2757 3318 addideris
2793 3267 3063 3334 quindecim

683 3353 786 3402 dies
831 3368 917 3417 per
952 3368 1071 3415 quos
1117 3350 1324 3399 desertio
1365 3350 1456 3398 illa
1489 3353 1752 3397 nautarum
1788 3350 1921 3398 facta
1956 3349 2046 3409 sit,
2084 3350 2447 3414 comperiemus,
2485 3352 2526 3400 si
2561 3369 2897 3412 enumeramus
2932 3368 2988 3402 ex
3022 3365 3061 3396 a·

683 3436 730 3484 d.
769 3434 851 3481 III
897 3433 1025 3482 Non.
1069 3434 1215 3496 Sept„
1258 3431 1505 3494 octoginta
1542 3431 1644 3479 dies
1681 3431 1760 3479 vel
1793 3447 1947 3495 paene
1982 3437 2079 3480 tres
2108 3449 2294 3481 menses
2330 3449 2461 3493 esse,
2496 3434 2571 3482 sin
2608 3451 2720 3483 vero
2756 3435 3062 3484 subducimus

679 3516 893 3566 rationes
935 3531 991 3563 ex
1039 3531 1083 3563 a.
1131 3513 1177 3561 d.
1225 3511 1294 3561 IV
1339 3513 1414 3561 Id.
1458 3511 1574 3571 Iul.,
1615 3518 1810 3560 centum
1857 3513 2192 3576 duodeviginti
2238 3513 2341 3562 dies
2376 3515 2476 3563 sive
2509 3515 2621 3578 plus
2657 3533 2804 3580 quam
2838 3521 3065 3581 quattuor

679 3613 882 3646 menses.
926 3596 996 3644 Ut
1039 3596 1160 3644 haec
1208 3594 1358 3658 igitur
1403 3599 1671 3657 congruant
1718 3594 1822 3643 fieri
1871 3611 1969 3643 non
2013 3600 2202 3658 potest,
2251 3595 2293 3643 si
2343 3596 2604 3645 statuimus
2640 3614 2822 3647 annum
2855 3594 3062 3647 muneris

681 3680 852 3728 exiisse
888 3696 931 3727 a.
968 3679 1012 3727 d.
1049 3677 1119 3725 IV
1153 3676 1228 3725 Id.
1266 3676 1378 3736 Iul„
1415 3676 1825 3740 quemadmodum
1864 3677 2034 3726 ceteris
2070 3677 2455 3740 magistratibus.

751 3764 797 3822 1)
834 3757 1265 3820 ἐπιτριηράρχημα
1299 3759 1561 3807 secundum
1590 3758 1827 3822 Harpocr.
1866 3776 1905 3808 s.
1935 3776 1980 3808 v.
2011 3757 2362 3820 τριηράρχημα
2380 3776 2390 3787 ·
2426 3760 2486 3808 τό
2515 3759 2901 3822 α’ναλισκόμενον
2931 3758 3060 3821 μετὰ

680 3843 766 3891 τὸν
795 3843 890 3898 τῆς
924 3841 1247 3902 τριηραρχίας
1275 3842 1466 3902 χρόνον,
1510 3842 1570 3889 cf.
1609 3840 1758 3889 etiam
1792 3840 1987 3889 Pollux.
2022 3841 2063 3890 Ι.
2103 3842 2224 3900 123,
2262 3841 2344 3905 qui
2374 3848 2539 3891 tamen
2570 3844 2730 3892 solum
2760 3845 2822 3893 de
2853 3849 3063 3907 tempore

685 3929 796 3990 post
840 3929 1062 3972 exactum
1097 3922 1372 3986 legitimum
1408 3938 1589 3971 annum
1621 3922 1868 3986 loquitur,
1903 3922 2113 3971 Boeckh.
2150 3923 2393 3972 Staatsh.⁸
2417 3924 2458 3973 Ι.
2492 3940 2573 3989 pg.
2593 3925 2708 3976 '702
2741 3932 2791 3975 ct
2824 3939 3064 3989 argumen-

685 4012 792 4055 tum
826 4006 970 4054 huius
1003 4005 1253 4054 orationis.

756 4089 804 4149 2)
839 4090 898 4137 cf.
950 4088 1176 4137 Aeschin.
1224 4087 1320 4135 III.
1371 4088 1458 4135 19:
1507 4087 1628 4143 τοὺς
1677 4084 2001 4147 τριηράρχους
2039 4084 2333 4152 ᾆπευθύνους
2369 4082 2490 4135 εἶναι
2527 4086 2715 4136 κελεύει
2761 4088 2785 4135 ὁ
2836 4090 2976 4148 νόμος
3019 4089 3064 4133 et

685 4171 862 4232 (Dem.)
895 4169 952 4218 L.
987 4173 1009 4230 §
1044 4170 1122 4217 50.

754 4253 802 4313 3)
835 4253 895 4300 cf.
932 4251 988 4300 C.
1008 4251 1050 4299 I.
1070 4252 1127 4298 A.
1163 4250 1232 4309 ΙΙ,
1270 4248 1365 4300 807
1404 4250 1445 4296 Β
1483 4266 1527 4298 v.
1558 4251 1621 4298 42
1658 4266 1789 4313 sqq.:
1825 4246 2030 4310 τριήρεις
2065 4248 2227 4298 τάσδε
2263 4251 2513 4312 ἱππηγοὺς
2550 4251 2620 4309 εἷς
2655 4254 2811 4301 πλοῦν
2848 4250 3062 4303 δοθείσας

686 4330 742 4381 ἐκ
784 4337 882 4381 τῶν
928 4332 1123 4392 νεωρίων
1170 4331 1195 4379 ὁ
1239 4329 1392 4391 δῆμος
1429 4328 1711 4393 ἐψήφισται
1748 4328 1912 4387 αὐτας
1947 4329 2031 4377 καὶ
2064 4332 2133 4378 τα
2176 4327 2325 4386 σκεύη
2360 4334 2493 4380 κατα
2525 4334 2742 4392 πόλεμον
2777 4330 3061 4394 ἀχρήστους

685 4413 944 4476 γεγονέναι
989 4414 1124 4461 κατα
1159 4411 1498 4475 ψηφίσματα,
1531 4411 1566 4461 ἃ
1597 4410 1835 4472 Δημάδης
1869 4410 2064 4471 Δημέου
2100 4412 2413 4477 Παιανι[εὺς]
2444 4409 2576 4461 εἶπ’
2608 4421 2657 4463 et
2685 4414 2737 4462 II
2770 4414 2863 4466 791
2898 4431 2942 4464 v.
2978 4412 3061 4462 38:

684 4493 875 4552 ταύτην
911 4493 989 4543 δεῖ
1018 4494 1108 4551 τὴν
1145 4496 1258 4542 ναῦν
1293 4492 1645 4559 Δη[μ]οχάρην
1683 4491 1880 4552 δόκιμον
1916 4492 2000 4540 καὶ
2038 4489 2214 4548 ἐντελῆ
2252 4491 2617 4559 [παραδοῦναι]

752 4580 801 4638 4)
838 4578 944 4638 Ἐφ.
974 4574 1092 4637 ἆρχ.
1127 4575 1256 4624 1885
1287 4591 1366 4639 pg.
1399 4576 1494 4623 165
1525 4592 1595 4639 sq.
1626 4591 1673 4624 v.
1706 4576 1794 4623 35:
1827 4572 2146 4623 διαδικασίαν
2172 4571 2456 4635 ἀπήνεγκαν
2486 4574 2596 4636 περὶ
2622 4574 3003 4637 ἀδικημάτων..
3024 4609 3058 4622 ..

685 4658 852 4724 [π]ρός
886 4659 1130 4722 νεωρ[ίων]
1166 4653 1540 4721 ὲ[πιμε]λητάς.
