3350 5417
1752 616 1840 682 40

608 798 741 863 καθ’
805 797 1033 880 ἡμέραν
1097 799 1376 880 ἀργύριον
1435 799 1658 865 διδόναι
1725 807 1848 872 τοῖς
1914 797 2214 879 ναύταις,
2280 802 2586 867 ἀποπλεῖν
2650 799 2858 867 οἴκαδέ
2922 825 3011 879 με

607 918 947 985 ἐκέλευσεν.
996 921 1202 997 ἐπειδὴ
1250 921 1445 987 τοίνυν
1493 921 1960 994 καταπλέοντες
2009 919 2216 987 οἴκαδε
2263 917 2414 998 ἦμεν
2464 924 2526 988 ἐν
2573 921 2845 1005 Τενέδῳ,
2892 923 3002 988 καὶ

608 1025 746 1091 οὔτε
797 1027 824 1090 ὁ
873 1035 1165 1105 Λυκῖνος,
1229 1023 1272 1107 ᾧ
1337 1024 1709 1107 προσέταξεν
1777 1028 1804 1092 ὃ
1855 1027 2272 1109 Τιμόμαχος,
2329 1027 2517 1093 ἐδίδου
2563 1036 2686 1100 τοῖς
2738 1027 3005 1104 ναύταις

604 1131 936 1213 σιτηρέσιον
999 1133 1093 1218 (οὐ
1156 1133 1283 1213 γὰρ
1350 1130 1471 1214 ἔφη
1528 1132 1733 1215 ἔχειν,
1787 1132 1941 1198 ἀλλ’
1995 1134 2061 1198 ἐκ
2111 1134 2469 1210 Μυτιλήνης
2522 1135 2892 1217 λήψεσθαι),
2948 1134 3013 1201 οἷ’

605 1263 674 1303 τε
722 1244 1094 1320 στρατιῶται
1146 1235 1316 1318 εἶχον
1366 1237 1529 1304 οὐδὲν
1576 1235 1716 1303 ὅτου
1765 1236 1841 1302 ἂν
1896 1238 2363 1323 ἐπεσιτίσαντο,
2414 1238 2614 1306 ἄσιτοι
2668 1239 2730 1306 δὲ
2770 1241 2879 1305 οὐκ
2921 1238 3001 1306 ἂν

508 1353 571 1401 54
606 1343 897 1420 ἠδύναντο
946 1343 1255 1424 ἐλαύνειν,
1305 1342 1500 1409 πάλιν
1547 1345 1940 1424 παραλαβὼν
1990 1345 2113 1423 ἐγὼ
2160 1344 2481 1425 μάρτυρας
2530 1350 2646 1411 τῶν
2693 1352 2996 1425 πολιτῶν,

604 1450 938 1530 προσελθὼν
987 1457 1304 1517 Πολυκλεῖ
1344 1451 1557 1533 τουτῳὶ
1610 1452 1669 1515 ἐν
1720 1450 1986 1530 Τενέδῳ,
2035 1450 2313 1516 ἐκέλευον
2361 1453 2551 1517 αὐτὸν
2589 1453 2700 1527 τήν
2737 1476 2809 1517 τε
2851 1458 3004 1518 ναῦν

606 1557 1141 1638 παραλαμβάνειν
1196 1559 1273 1629 ὠς
1342 1555 1626 1639 διάδοχον
1690 1555 1869 1634 ὄντα,
1927 1556 2029 1621 καὶ
2082 1557 2152 1622 τὸ
2204 1558 2741 1638 ἐπιτριηράρχημα
2786 1560 3004 1625 άποδι-

607 1665 772 1730 δόναι
836 1667 944 1728 τοῦ
1006 1663 1222 1745 χρόνου
1283 1659 1353 1728 οὗ
1417 1664 1792 1740 ἐπανήλωσα
1861 1663 2007 1744 ὑπὲρ
2065 1663 2282 1729 τούτου
2331 1665 2847 1746 ἐπιτριηραρχῶν,
2901 1661 3004 1730 ἵνα

606 1772 694 1848 μη
766 1770 1076 1852 πρόφασις
1147 1770 1315 1850 αὐτῷ
1387 1768 1623 1849 γένοιτο
1689 1765 2041 1849 ἀπολογίας
2108 1772 2253 1850 πρὸς
2319 1772 2519 1856 ὑμᾶς,
2587 1773 2664 1840 ὥς
2726 1771 2850 1848 ε’γῶ
2898 1770 3005 1836 διά

609 1880 796 1942 τοῦτο
842 1878 948 1942 οὐκ
997 1875 1205 1951 ἤθελον
1256 1877 1421 1957 αὐτῷ
1470 1876 1849 1957 παραδοῦναι
1897 1878 2010 1951 τὴν
2058 1881 2238 1954 ναῦν,
2292 1876 2850 1961 φιλοτιμούμενος,
2901 1873 3004 1942 ἵνα

610 1982 1129 2061 καταπλεύσαιμι
1190 1980 1394 2048 οἴκαδε
1451 1983 1551 2047 ἐπὶ
1601 1982 1738 2054 νεὼς
1790 1979 1857 2048 εὖ
1904 1982 2213 2057 πλεούσης
2264 1983 2371 2048 καὶ
2422 1981 2805 2060 ἐνδειξαίμην
2857 1984 3004 2060 ὑμῖν

514 2094 576 2143 55
611 2089 695 2155 τά
757 2090 1176 2165 ἀναλώματα.
1240 2090 1344 2153 οὐκ
1406 2088 1709 2160 ἐθέλοντος
1768 2087 1819 2152 δ’
1868 2089 2062 2153 αὐτοῦ
2126 2088 2701 2173 παραλαμβάνειν,
2765 2095 2884 2154 τῶν
2940 2088 3004 2154 δὲ

613 2201 844 2261 ναυτῶν
907 2195 1189 2274 άργύριον
1250 2194 1577 2260 αἶτούντων
1640 2190 1714 2259 ἵν’
1776 2192 2207 2275 ἀγοράσωνται
2258 2196 2342 2259 τά
2396 2194 2758 2274 ἐπιτήδεια,
2805 2194 3007 2260 πάλιν

680 2365 786 2426 §53
820 2361 1070 2429 ἀργύριον]
1106 2361 1277 2425 μισθὸν
1312 2365 1372 2411 Α.
1412 2392 1465 2401 -
1508 2360 1768 2412 ἐκέλευσεν
1802 2361 1966 2430 Blass]
2006 2359 2230 2411 ἐκέλευεν
2266 2363 2745 2427 οοάἀ.-Λυκῖνος]
2783 2362 3008 2418 λυκεῖνος

614 2448 663 2497 S.
698 2475 763 2485 —
798 2447 945 2496 verba
994 2444 1049 2494 οὗ
1084 2446 1184 2508 γὰρ
1217 2443 1312 2508 ἔφη
1345 2443 1488 2508 ’έχειν
1522 2474 1589 2483 -
1621 2447 1731 2503 τοῖς
1766 2443 1972 2502 ναύταις
2009 2445 2068 2493 τὸ
2107 2443 2385 2505 σιτηρέσιον
2420 2449 2463 2508 (ς
2501 2445 2580 2506 56)
2614 2461 2709 2495 om.
2744 2446 2804 2504 A,
2842 2444 3009 2509 spatio

614 2546 769 2580 vacuo
814 2529 959 2578 XVII
992 2545 1220 2577 versuum
1253 2528 1451 2588 relicto3
1489 2529 1649 2593 suppl.
1687 2544 1753 2577 m.
1786 2543 1882 2576 reo.
1919 2528 2139 2592 Apparet
2172 2527 2225 2576 in
2258 2527 2423 2576 codiee
2440 2565 2453 2587 ,
2490 2527 2618 2577 unde
2653 2528 2697 2575 A
2734 2527 3009 2591 descriptus

614 2618 688 2661 est
702 2650 714 2671 ,
765 2611 1074 2660 omissionem
1123 2616 1320 2676 propter
1369 2610 1553 2660 similia
1605 2611 1754 2659 verba
1803 2609 2101 2658 recurrentia
2153 2609 2334 2658 factam
2386 2624 2505 2659 esse.
2540 2637 2605 2647 —
2642 2605 3008 2658 ἐπεσιτίσαντο

614 2692 781 2758 Blass]
816 2690 1186 2741 ἐπισιτίσαιντο
1221 2693 1360 2742 codd.
1395 2720 1461 2730 —
1494 2689 1733 2749 ἧδύναντο
1769 2691 1829 2740 of.
1867 2691 1929 2738 ad
1964 2692 2069 2751 §16
2106 2688 2338 2750 ήμελλον.
2374 2718 2440 2728 -

683 2779 706 2837 ς
744 2776 806 2823 54
838 2773 1027 2836 τουτῳὶ
1060 2775 1228 2838 ΒΙοεε]
1263 2772 1431 2836 τούτῳ
1468 2775 1606 2824 codd.
1641 2802 1710 2812 —

682 2917 1029 2983 ἀποπλεῖν]
1077 2918 1306 2967 usitatius
1348 2923 1422 2967 est
1463 2919 1772 2978 καταπλεῖν,

616 3008 672 3052 ut
720 3017 833 3051 mox
886 2998 1279 3057 καταπλέοντες.
1332 2998 1577 3049 ἀποπλεῖν
1630 3017 1773 3049 sensu

615 3086 709 3134 τοῦ
755 3082 915 3133 redire
970 3083 1023 3130 in
1067 3083 1309 3146 patriam,
1351 3083 1496 3131 modo
1530 3083 1606 3132 bis
1640 3084 1772 3148 apud

615 3167 992 3218 Demosthenem
1039 3165 1247 3214 occurrit
1261 3203 1273 3223 ,
1325 3164 1457 3213 XIX.
1496 3165 1583 3212 51:
1629 3162 1772 3219 ἡνίκα

620 3247 756 3310 δεῦρο
789 3247 1035 3298 ἀποπλεῖν
1064 3243 1358 3308 ἐβουλόμην,
1398 3251 1447 3295 et
1475 3245 1606 3295 XXI.
1648 3244 1769 3297 167:

621 3331 706 3382 ὅτε
740 3328 867 3391 δεῦρ’
901 3328 1181 3378 ἀπεπλεῖτι
1201 3325 1256 3376 ἐκ
1275 3326 1479 3388 Στύρων.
1518 3329 1771 3393 Nusquam

620 3412 834 3462 invenies
877 3411 1187 3460 coniunctum
1221 3426 1332 3459 oum
1365 3408 1549 3460 σ’ίκαδε.
1596 3410 1775 3460 Noster

619 3512 706 3561 pro
760 3511 816 3544 eo
868 3495 996 3559 quod
1036 3498 1110 3542 est
1153 3494 1312 3542 redire
1355 3493 1409 3541 in
1439 3494 1655 3556 patriam
1699 3495 1776 3543 vel

616 3580 743 3628 unde
786 3579 892 3627 vela
929 3580 1043 3626 sunt
1077 3576 1196 3625 data
1229 3590 1416 3639 semper
1450 3581 1653 3639 usurpat
1690 3592 1773 3623 κα-

615 3660 849 3716 ταπλεῖν,
877 3659 928 3707 in
955 3659 1063 3708 sola
1092 3655 1255 3706 autem
1273 3658 1366 3706 hae
1383 3657 1601 3707 oratione
1619 3657 1769 3706 etiam

617 3747 665 3806 §5
684 3744 747 3792 49
778 3748 827 3792 et
858 3743 919 3790 50
948 3740 1193 3789 ἀποπλεῖν
1230 3740 1323 3788 hoc
1347 3756 1489 3788 sensu
1507 3739 1768 3790 invenitur.

684 3823 792 3874 καὶ
844 3822 997 3873 οὔτε
1064 3822 1089 3871 ὃ
1142 3823 1420 3879 Λυκῖνος
1474 3850 1539 3860 -
1589 3823 1656 3871 o‘l
1699 3838 1769 3870 τε

619 3909 1027 3968 στρατιῶται
1057 3901 1189 3973 κτεῖ]
1210 3906 1269 3954 de
1286 3922 1347 3953 τε
1362 3910 1474 3969 post
1492 3902 1610 3952 οὔτε
1625 3904 1769 3953 illato

618 3990 679 4039 cf.
714 3988 846 4037 Plat.
879 3988 1024 4053 Apol.
1058 4003 1138 4051 ΡΒ.
1172 3987 1235 4036 26
1259 3988 1322 4047 C,
1357 3987 1443 4036 ubi
1477 3986 1588 4036 vide
1618 3987 1770 4035 Stall-

618 4073 779 4130 baum,
793 4071 956 4135 Symp.
969 4086 1047 4135 pg.
1065 4069 1162 4118 223
1174 4068 1227 4129 G,
1243 4075 1291 4118 et
1303 4069 1504 4118 Kiihner
1515 4070 1770 4131 (Gramm.)

621 4155 726 4203 11².
780 4153 825 4203 2.
859 4169 936 4217 ΡΒ.
969 4152 1060 4200 831
1100 4168 1144 4209 a,
1174 4151 1416 4200 rarissime
1440 4150 1533 4199 καί
1552 4151 1771 4215 sequitur

620 4242 731 4301 post
764 4232 911 4294 οὔτε,
946 4234 1083 4283 velut
1118 4234 1235 4283 Eur.
1268 4235 1311 4283 I.
1347 4234 1400 4282 Τ.
1441 4233 1530 4282 591
1571 4250 1666 4297 sq.:

687 4318 751 4364 σὺ
800 4313 863 4372 δ’,
908 4315 954 4368 εἷ
999 4314 1126 4378 γάρ,
1171 4314 1234 4373 ὥς
1269 4314 1460 4372 ἔοικας,
1497 4312 1614 4363 οὔτε
1651 4313 1770 4362 δυσ-

1508 4395 1669 4458 γονῆς.

687 4479 773 4528 καὶ
795 4480 892 4536 τας
916 4476 1146 4535 Μυκήνας
1166 4474 1307 4527 οἶσθα
1324 4476 1452 4540 χοὸς
1468 4477 1609 4540 κάγὼ
1629 4476 1768 4527 θέλω.

687 4557 720 4624 ᾧ
789 4558 1197 4624 προσέταξεν
1261 4560 1287 4608 δ
1349 4560 1770 4624 Τιμόμαχος]

617 4643 850 4710 proximis
896 4641 1055 4691 verbis
1108 4641 1208 4691 iam
1261 4642 1481 4692 narravit
1531 4642 1773 4691 Timoma-

621 4728 766 4778 chum
813 4725 993 4792 Lyeino
1040 4724 1299 4790 imperasse
1335 4731 1391 4774 ut
1422 4724 1587 4774 nautis
1623 4725 1771 4789 Apol-

1846 2917 2007 2966 lodori
2052 2916 2310 2981 pecuniam
2356 2916 2590 2977 solveret,
2639 2921 2690 2966 et
2738 2916 2838 2965 iam
2879 2932 3014 2966 nunc

1848 3000 2039 3065 repetit.
2093 2998 2168 3050 Cf.
2217 2999 2276 3049 de
2321 2999 2416 3048 tali
2462 2998 2669 3048 molesta
2717 2998 3034 3063 repetitione'

1849 3082 1979 3131 Uhle
2024 3097 2104 3146 ΡΒ.
2152 3081 2217 3129 48
2268 3097 2338 3146 sq.
2387 3081 2472 3147 qui
2516 3096 2681 3130 omnes
2727 3081 2860 3130 locos
2897 3097 3017 3130 enu-

1847 3163 2070 3213 meravit.

1913 3245 1988 3294 De
2039 3245 2220 3310 Lyoino
2273 3245 2401 3295 nihil
2461 3245 2702 3305 innotuit,
2764 3245 3015 3295 nescimus

1849 3334 2013 3378 utrum
2052 3328 2324 3393 Mytilenae
2359 3328 2405 3377 ei
2439 3332 2599 3377 essent
2633 3327 2805 3387 amici,
2840 3344 2871 3376 a
2904 3328 3015 3393 qui·

1847 3411 1938 3459 bus
1984 3410 2239 3475 pecuniam
2272 3415 2496 3459 mutuam
2530 3415 2768 3470 sumeret,
2816 3426 2879 3458 an
2915 3415 3019 3460 ter·

1847 3493 2173 3558 giversaretur
2204 3510 2265 3543 ne
2298 3492 2510 3542 solveret
2543 3492 2856 3557 stipendium.

1914 3576 2040 3636 §54
2108 3573 2217 3622 καὶ
2281 3575 2353 3623 τὸ
2420 3571 3015 3635 ἐπιτριηράρχημα

1846 3653 2234 3706 ἀποδιδόναι
2286 3658 2406 3705 τοῦ·
2459 3657 2691 3718 χρόνου
2744 3647 2812 3703 οὗ
2861 3651 3014 3704 ἔπα-

1848 3736 2006 3795 νήλω
2027 3754 2110 3786 σα
2185 3735 2336 3798 ὑπὲρ
2413 3736 2654 3786 τούτου
2725 3733 3019 3798 ἐπιτριη-

1847 3837 1954 3881 ραρ
1970 3821 2122 3884 χῶν]
2178 3822 2329 3868 Amor
2361 3820 2542 3884 figurae
2559 3857 2572 3879 ,
2608 3818 2687 3868 cui
2720 3834 2897 3867 nomen
2934 3826 3015 3869 est

1848 3901 2159 3961 ,‚attraotio’',
2193 3907 2414 3951 nostrum
2445 3901 2650 3967 pellexit
2679 3907 2734 3951 ut
2763 3917 2820 3950 ea
2838 3901 3014 3951 abute-

1844 3989 2029 4032 teretur
2048 4022 2061 4042 ‚
2106 3999 2371 4048 pronomen
2419 3984 2550 4033 euim
2596 3976 2653 4032 οὗ
2700 3983 2751 4032 in
2798 3984 2893 4032 hoc
2938 4000 3017 4033 or·

1847 4065 1957 4114 dine
2007 4082 2104 4114 non
2150 4071 2314 4129 potest
2357 4083 2454 4115 non
2501 4065 2741 4132 pertinere
2788 4066 2850 4114 ad
2898 4067 3014 4116 sub·

1846 4147 2116 4196 stantivum
2175 4149 2383 4210 χρόνου,
2435 4148 2519 4197 sed
2571 4162 2738 4196 sensus
2785 4146 3014 4211 postulat

1849 4235 1904 4278 ut
1954 4229 2082 4278 illud
2134 4230 2379 4295 pertineat
2428 4231 2490 4279 ad
2543 4226 3011 4290 ἐπιτριηράρχημα,

1849 4316 1871 4375 §
1903 4313 1966 4361 65
1996 4319 2167 4363 contra
2201 4313 2364 4363 omnia
2399 4314 2520 4362 bene
2555 4310 2811 4376 disposuit.
2844 4311 2910 4359 of.
2948 4312 3012 4360 de

1847 4395 2191 4444 molestissima
2219 4395 2508 4460 repetitione
2537 4392 2835 4459 pronominis
2851 4390 3014 4451 αὐτός

1848 4477 1910 4525 ad
1947 4480 1969 4539 ς
2006 4477 2087 4526 23.

1916 4554 2368 4623 ἔνδειξαίμην]
2417 4559 2468 4608 h.
2501 4559 2538 4608 l.
2585 4560 2894 4615 ostentarem,
2942 4552 3016 4609 ἦν.

1849 4638 2087 4689 δεικνύναι
2141 4645 2216 4690 est
2261 4641 2456 4700 dooere,
2489 4636 2729 4701 ’ένδειγμα
2761 4638 3018 4688 mm-

1854 4728 1951 4772 tum
1969 4762 1981 4782 ,
2015 4720 2219 4788 ’ἔνδειξις
2252 4723 2508 4773 accusatio.
