3350 5417
1248 656 1484 705 m'rROD
1491 656 1693 704 00'1'10.
2616 662 2660 705 V

218 823 429 884 tatem
500 821 739 908 ipsius
756 869 774 900 ,
842 842 1072 906 nempe
1132 827 1209 886 ut
1274 822 1557 887 Athenas
1620 829 2048 888 reverteretur
2109 825 2260 890 navi
2312 829 2448 894 tam
2503 824 2661 888 bene

214 925 561 991 instructa
580 974 601 1004 ,
658 928 1105 1013 praetenderet
1121 947 1138 1006 3
1187 927 1296 992 sed
1340 947 1599 1012 operam
1638 931 1877 994 iterum
1914 928 2194 1015 perdidit
2231 927 2661 1015 Apollodorus

214 1039 281 1094 et.
318 1029 595 1096 Tenedi
640 1033 727 1098 ab
768 1034 1130 1118 hospitibus
1171 1036 1369 1118 patris
1408 1037 1750 1119 pecuniam
1788 1040 2089 1101 mutuam
2129 1056 2381 1099 sumere
2420 1034 2660 1113 debuit,

216 1135 397 1201 unde
466 1141 689 1203 sociis
754 1138 1090 1204 navalibus
1136 1139 1465 1223 praeberet
1508 1142 1879 1204 necessaria.
1954 1138 2058 1204 Sic
2105 1140 2364 1205 tandem
2411 1139 2660 1224 Apollo-

214 1241 425 1307 dorus
510 1244 996 1329 septemdecim
1056 1245 1383 1309 mensibus
1444 1244 1891 1329 praeterlapsis
1952 1250 2294 1330 postquam
2362 1245 2664 1310 Piraeum

214 1345 651 1433 reliquerat,
705 1370 861 1435 ergo
907 1347 1005 1416 01.
1060 1348 1207 1413 104.
1215 1348 1256 1414 4
1304 1348 1491 1434 (360)
1537 1370 1754 1414 11101180
1799 1350 2178 1427 Februario,
2226 1349 2416 1414 rediit
2455 1353 2524 1414 in
2562 1371 2667 1435 pa-

213 1455 432 1517 triam
502 1455 636 1519 ubi
703 1461 981 1520 matrem
1039 1457 1287 1521 invenit
1332 1455 1818 1538 moribundam,
1875 1477 2033 1541 quae
2081 1477 2190 1521 sex
2239 1457 2462 1522 diebus
2514 1461 2660 1540 post

214 1579 649 1644 supremum
709 1560 882 1626 diem
943 1562 1136 1640 011111,
1184 1583 1453 1626 uxorem
1499 1582 1650 1627 vero
1701 1568 2139 1649 aegrotantem
2186 1568 2250 1627 et
2296 1583 2434 1627 rem
2480 1561 2663 1626 fami-

210 1662 474 1730 liarem
534 1666 843 1731 obrutam
890 1687 1033 1733 aere
1079 1666 1286 1731 alieno
1314 1665 1384 1748 1).

314 1770 644 1837 Domum
707 1793 1004 1838 reversus
1067 1772 1491 1857 Apollodorus
1534 1773 1723 1836 litem
1767 1771 2022 1859 Polycli
2065 1772 2289 1838 intulit
2337 1794 2660 1859 superero-

218 1885 565 1963 gatorum
614 1878 1318 1959 (ἐπιτριηραρχήματος)
1344 1877 1418 1959 2),
1468 1878 1577 1942 sed
1619 1899 1746 1943 non
1794 1881 2050 1956 statim,
2101 1899 2252 1943 nam
2294 1879 2372 1943 ob
2413 1877 2658 1943 bellum

220 1985 597 2048 iustitium
643 1990 814 2060 erat;
865 2005 990 2068 quo
1037 1988 1256 2048 autem
1303 1988 1587 2068 tempore
1636 1983 1789 2049 haec
1838 1987 2038 2050 oratio
2088 1986 2173 2048 sit
2219 1984 2436 2048 habita
2483 2005 2660 2049 accu-
2682 1989 2690 2002 ²

224 2095 379 2154 rate
434 2092 653 2155 statui
698 2111 826 2154 non
872 2094 1117 2174 potest,
1168 2096 1233 2154 et
1280 2090 1663 2154 dissentiunt
1704 2093 1872 2154 inter
1910 2111 1975 2155 se
2013 2092 2140 2155 viri
2177 2090 2368 2155 docti.
2410 2089 2460 2153 Ι.
2504 2089 2662 2153 Her-

232 2215 463 2259 mann
492 2193 546 2276 3)
612 2216 693 2260 ex
757 2195 968 2262 verbis
1032 2195 1093 2259 ἐν
1155 2196 1240 2275 τῷ
1306 2193 1446 2259 τότε
1508 2198 1693 2276 καιρῷ
1761 2199 1820 2280 (ξ
1893 2195 1934 2260 3
1980 2197 2177 2260 huius
2226 2197 2551 2274 orationis)
2598 2199 2664 2258 et

234 2301 305 2364 ἐν
380 2301 601 2377 ἐκείνῳ
664 2303 750 2380 τῷ
800 2301 1053 2380 ἐνιαυτῷ
1102 2302 1165 2385 (ξ
1215 2299 1328 2381 61)
1377 2301 1686 2366 conclusit
1731 2300 1977 2385 aliquot
2024 2321 2218 2366 annos
2264 2302 2663 2385 praeteriisse

234 2413 309 2472 01
382 2410 567 2472 intra
637 2404 737 2470 Ol.
801 2403 1295 2471 lom—1072
1345 2406 1760 2487 (359—351)
1807 2413 2065 2493 tempus
2111 2407 2414 2471 orationis
2460 2407 2660 2489 ponit.

238 2515 325 2577 A.
384 2511 699 2579 Schaefer
724 2512 776 2591 ⁴)
823 2512 974 2576 huic
1022 2514 1368 2576 assentitur
1413 2518 1477 2577 et
1540 2514 1733 2579 verba
1779 2515 1814 2597 ξ
1862 2513 1939 2578 8:
1991 2515 2074 2577 τὰ
2123 2513 2293 2577 κατὰ
2343 2513 2448 2585 τὴν
2498 2535 2659 2592 τριη-

241 2621 535 2698 ραρχίαν
600 2618 928 2690 ἀνήλισκον
992 2616 1136 2682 τότε
1207 2614 1358 2682 οὕτω
1407 2625 1723 2690 πολυτελῆ
1771 2617 1916 2683 ὄντα
1965 2618 2174 2696 addit,
2224 2617 2661 2703 (1111111181Πῶ-

239 2727 391 2789 cari
460 2723 588 2788 sibi
650 2722 914 2787 videtur
974 2722 1160 2787 litem
1224 2729 1433 2789 actam
1488 2745 1624 2789 esse
1670 2731 1817 2809 post
1862 2723 1962 2788 01.
2015 2722 2211 2789 1053
2259 2722 2466 2804 (357),
2515 2728 2660 2808 post

248 2831 663 2916 symmorias
703 2829 1141 2894 trierarchicas
1171 2831 1503 2894 institutas
1527 2832 1856 2916 rogatione
1880 2830 2212 2896 Periandri
2228 2878 2245 2908 ,
2272 2851 2398 2915 qua
2421 2850 2660 2894 munus

246 2934 769 3000 trierarchorum
836 2936 1052 2998 minus
1121 2939 1576 3019 sumptuosum
1647 2940 1744 2999 est
1812 2936 2156 3000 redditum.
2230 2936 2535 3021 Lortzing
2579 2937 2652 3016 5),

246 3061 663 3127 quamquam
708 3041 984 3104 miratur
1029 3061 1346 3125 nusquam
1390 3043 1459 3105 in
1509 3044 1791 3107 oratione
1838 3043 1915 3107 ab
1956 3041 2343 3127 Apollodoro
2385 3062 2657 3107 comme-

248 3149 503 3212 morari
567 3144 987 3210 Timotheum
1048 3152 1113 3210 et
1176 3144 1547 3232 Callippum
1602 3150 1831 3232 capitis
1879 3148 2208 3213 damnatos
2226 3197 2242 3225 ,
2293 3147 2463 3233 quod
2512 3152 2658 3211 ante

252 3252 363 3318 01.
418 3251 619 3316 105.4
670 3249 857 3331 (356)
905 3252 1150 3316 factum
1196 3273 1331 3316 0880
1380 3258 1625 3317 00118101
1648 3253 1721 3334 ⁰),
1772 3258 1836 3317 et
1882 3255 2172 3339 agnoscit
2220 3274 2286 3317 80
2329 3254 2492 3317 110110
2547 3252 2661 3316 dif-

252 3358 623 3424 ficultatem
673 3357 969 3441 expedire
1014 3379 1143 3422 non
1191 3378 1371 3443 posse
1391 3406 1408 3436 ,
1458 3359 1573 3424 hos
1625 3360 1795 3423 viros
1843 3362 2151 3444 sequitur.

354 3462 859 3541 Difficultatem,
929 3483 965 3527 a
1032 3462 1340 3549 Lortzing
1410 3470 1868 3542 memoratam,
1940 3467 2080 3529 iure
2141 3462 2307 3550 Sigg
2332 3464 2385 3544 ⁷)
2448 3465 2657 3548 primo

254 3572 397 3636 1000
442 3570 665 3654 1101111,
715 3574 780 3633 01
828 3569 1222 3635 demonstrat
1268 3573 1405 3635 veri
1452 3569 1665 3634 simile
1714 3591 1839 3635 non
1878 3591 2012 3635 esse
2048 3566 2517 3655 Apollodorum
2558 3567 2657 3633 Ti-

330 3855 380 3913 l)
416 3851 599 3912 (Dum.)
636 3848 689 3896 L.
727 3849 940 3898 60—62.

330 3934 383 3994 2)
420 3933 473 3980 111
528 3930 682 3980 codd.
735 3929 784 3978 S.
807 3931 866 3979 A.
912 3930 1201 3995 inscriptum
1247 3937 1320 3980 est
1364 3927 1821 3993 τριηραρχήματος,
1868 3931 2037 3979 eadem
2083 3928 2360 3993 corruptela
2407 3935 2481 3977 est
2526 3928 2656 3992 apud

262 4012 725 4079 unrpoemtionom.

334 4097 386 4156 8)
416 4095 493 4143 De
528 4099 744 4157 tempore
778 4109 872 4157 quo
906 4093 1151 4142 orationes
1187 4110 1310 4158 quae
1346 4095 1567 4143 feruntur
1603 4092 1946 4142 Demosthenis
1982 4108 2070 4156 pro
2108 4090 2406 4155 Apollodoro
2437 4097 2485 4139 et
2515 4090 2664 4139 Phor·

266 4179 431 4228 mione
465 4175 674 4240 scriptae
708 4175 822 4234 sint,
856 4175 1023 4224 Erfnrt
1060 4176 1191 4224 1842
1226 4191 1306 4239 pg.
1352 4178 1423 4225 19.

336 4263 389 4319 4)
424 4258 551 4306 Add.
588 4273 667 4322 pg.
706 4256 817 4305 152.

340 4343 389 4398 5)
436 4339 511 4386 De
561 4337 864 4386 orationibus
918 4354 1039 4402 quas
1092 4336 1442 4387 Demosthenes
1495 4354 1583 4401 pro
1635 4338 1936 4401 Apollodoro
1991 4336 2236 4400 scripsisse
2289 4337 2469 4394 fertur,
2507 4336 2668 4384 Berol.

276 4422 409 4472 1868
446 4437 526 4485 pg.
564 4421 643 4470 11.

338 4505 389 4562 6)
422 4501 622 4551 Clinton
668 4500 804 4551 RH.
852 4503 927 4551 ed.
976 4501 1190 4565 Kriiger,
1239 4503 1301 4551 ad
1359 4519 1539 4552 annum
1578 4502 1701 4560 3573
1741 4501 1870 4550 Plut.
1908 4517 2066 4564 comp.
2101 4499 2227 4548 Tim.
2266 4507 2316 4550 et
2350 4502 2488 4550 Aem.
2529 4499 2581 4549 P.
2619 4500 2667 4558 2,

278 4585 423 4642 Dion,
460 4583 540 4642 28,
578 4585 656 4631 50.

340 4666 391 4726 7)
426 4665 522 4714 Der
560 4663 800 4714 versasser
850 4681 975 4714 noun
1027 4664 1285 4729 angoblieh
1338 4683 1429 4715 von
1470 4665 1608 4714 Dein.
1647 4667 1724 4714 fiir
1761 4663 1924 4728 Apoll.
1962 4661 2323 4727 geschriebener
2357 4663 2550 4722 Reden,
2585 4679 2662 4728 118.

278 4751 378 4798 404
410 4765 479 4813 sq.
