3350 5417
1424 612 1587 680 11·

271 789 494 870 ἔλαβον
558 794 757 875 οὐδέν,
823 793 925 861 καὶ
995 792 1202 875 κόσμῳ
1248 795 1325 869 ὥς
1375 790 1493 863 οἶόν
1540 797 1599 862 τ’
1648 792 1715 872 ἦν
1763 797 2083 865 κάλλιστα
2125 798 2237 864 ’καὶ
2289 798 2676 881 ὃιαπρεπέσ-’

269 921 430 964 τατα
501 907 628 966 τῶν
697 902 1097 983 τριηράρχων.
1171 900 1503 981 ὑπηρεσίαν
1567 906 1764 969 τοίνυν
1826 895 1894 977 ἣν
1960 902 2261 982 ἐδυνάμην
2327 905 2659 986 κρατίστην

216 1024 242 1074 s
270 1004 733 1087 ἐμισθωσάμην.
795 1008 863 1073 οὔ
925 1007 1102 1083 μόνον
1164 1007 1361 1073 τοίνυν
1424 1004 1466 1072 ὦ
1529 1006 1738 1090 ἄνδρες
1804 1009 2095 1076 δικασταὶ
2162 1011 2247 1076 τὰ
2314 1012 2485 1076 κατὰ
2548 1014 2660 1085 την

265 1114 671 1194 τριηραρχίαν
729 1113 1056 1188 ἀνήλισκον
1117 1112 1262 1178 τότε
1325 1110 1480 1178 οὕτω
1545 1124 1862 1192 πολυτελῆ
1925 1114 2111 1193 ὄντα,
2163 1116 2339 1182 ἄλλα
2387 1116 2489 1181 καὶ
2541 1124 2660 1183 τῶν

264 1218 611 1296 χρημάτων
674 1216 753 1285 ὧν
814 1220 898 1292 εἷς
946 1220 1049 1286 τὸν
1096 1216 1360 1285 ἔκπλουν
1410 1221 1809 1302 ἐψηφίσασθε
1857 1223 2276 1305 εἰσενεχθῆναι
2322 1222 2500 1304 μέρος
2554 1225 2660 1289 οὐκ

266 1322 612 1405 ἐλάχιστον
658 1326 782 1404 ἐγὼ
833 1325 976 1403 ὑμῖν
1024 1328 1496 1408 προεισήνεγκα.
1543 1326 1728 1405 δόξαν
1777 1330 1902 1409 γὰρ
1951 1330 2095 1407 ὑμῖν
2137 1329 2285 1411 ὑπὲρ
2324 1336 2443 1395 τῶν
2484 1328 2662 1407 δημο-

48 1433 51 1530 J
264 1435 376 1494 τῶν
414 1431 563 1505 τοὺς
603 1433 957 1512 βουλευτὰς
996 1433 1367 1511 ἀπενεγκεῖν
1406 1432 1547 1505 τοὺς
1590 1435 2074 1515 προεισοίσοντας
2116 1442 2233 1500 τῶν
2272 1459 2343 1500 τε
2385 1433 2660 1511 δημοτῶν

48 1555 49 1628 y
265 1536 365 1600 καὶ
436 1543 564 1603 τῶν
630 1536 1120 1618 ἐγκεκτημένων,
1193 1539 1672 1620 προσαπηνέχθη
1745 1564 1866 1619 μου
1935 1539 2206 1620 τοῦνομα
2270 1543 2330 1606 ἐν
2394 1550 2654 1622 τριττοῖς

325 1765 347 1824 5
382 1764 432 1814 8.
468 1762 529 1813 οὗ
567 1768 712 1827 μόνον
758 1766 949 1832 τοίνυν]
996 1765 1082 1815 καὶ
1112 1764 1168 1816 οὗ
1199 1768 1343 1828 μόνον
1378 1767 1439 1817 A.
1473 1793 1542 1807 —
1574 1764 1680 1832 ἐγὼ
1716 1786 1812 1821 om.
1847 1771 1908 1820 A.
1938 1795 2007 1809 -
2040 1769 2162 1827 τοὺς
2195 1770 2500 1836 βουλευτὰς]
2537 1770 2657 1827 τοὺς

265 1837 557 1908 δημάρχους
588 1846 675 1896 καὶ
707 1848 831 1907 τοὺς
866 1849 1151 1910 βουλευτὰς
1185 1848 1344 1899 Meier
1378 1849 1493 1900 coll.
1532 1853 1556 1913 5
1590 1851 1637 1901 6.
1670 1879 1739 1890 —-

264 2031 411 2083 tionis
451 2034 524 2086 LI
567 2038 785 2087 ostendit
830 2054 883 2087 se
916 2042 1144 2103 paratum
1176 2037 1326 2087 fuisse
1363 2038 1426 2087 ad

266 2123 486 2181 smptus
524 2135 608 2185 pro
644 2136 696 2169 re
729 2119 934 2186 publica
971 2120 1219 2170 faciendos
1248 2121 1312 2171 cf.
1344 2123 1366 2182 5
1397 2120 1425 2168 5

266 2195 400 2248 illim
439 2201 690 2251 orationis.

329 2280 536 2333 Obtinet
578 2284 659 2333 hic
702 2284 862 2348 figura
906 2284 986 2333 cui
1026 2301 1202 2334 nomen
1239 2285 1427 2347 σχῆμα

266 2362 380 2409 κατ’
423 2362 564 2425 ἄρσιν
610 2363 696 2414 καὶ
741 2366 880 2414 κατὰ
913 2363 1070 2414 θέσιν·
1105 2364 1220 2427 ὅπερ
1256 2363 1427 2414 συνίσ-

266 2457 423 2493 ταται
489 2443 545 2496 ἐκ
603 2449 698 2505 τῆς
753 2444 877 2506 ,οὔ”
926 2445 1013 2496 καὶ
1057 2449 1152 2506 τῆς
1197 2445 1426 2504 ἐναντίας

267 2522 421 2590 εἶν-νῆ,
468 2528 553 2578 καὶ
584 2528 825 2591 μάλιστα
858 2532 950 2578 τοῦ
985 2528 1191 2589 „bank”
1225 2525 1428 2577 συνδέσ·

270 2622 392 2666 μου,
428 2608 477 2658 εί
502 2609 587 2660 καὶ
620 2612 860 2661 πλεῖστοι
898 2610 1057 2673 ἐ’τεροι
1095 2609 1425 2673 εὑρίσκονται,

269 2689 505 2756 Anonym.
549 2691 661 2756 περὶ
705 2691 983 2756 σχήματος
1028 2695 1060 2742 8
1096 2710 1179 2760 pg.
1213 2693 1310 2746 637
1346 2693 1424 2743 W.

269 2772 330 2820 ef.
372 2772 641 2826 Behdentz.
688 2775 796 2825 Iud.
843 2775 869 2824 1
914 2792 996 2841 pg.
1042 2776 1072 2826 8
1112 2793 1153 2826 s.
1187 2792 1235 2826 r.
1270 2774 1424 2837 ξίρσις.

270 2850 514 2907 Francken
548 2874 725 2908 comm.
757 2857 872 2922 lays.
899 2873 979 2923 pg.
1010 2858 1073 2907 88
1103 2875 1176 2923 sq.
1202 2858 1286 2920 (ad
1312 2857 1425 2922 Lys.

270 2934 404 2988 1111.
451 2940 531 3002 1⁹)
574 2941 790 3006 plurima
823 2941 1045 3006 exempla
1078 2940 1278 3005 collegit
1308 2940 1427 2990 talis

272 3022 639 3072 consociationis
673 3023 1044 3073 contrariorum.

337 3105 437 3164 58.
467 3103 530 3154 οὔ
562 3107 757 3166 μόνον
793 3105 1034 3170 τοίνυν]
1064 3105 1134 3154 sic
1157 3105 1431 3171 etiampro·

273 3183 454 3237 timum
481 3188 789 3238 enuntiatum
820 3187 1127 3253 praecedenti
1142 3187 1302 3252 iungit
1315 3204 1429 3252 par-

272 3265 423 3318 ticul-
466 3269 629 3318 τοίνυν
646 3307 661 3329 ,
696 3269 869 3319 eodem
901 3270 1046 3319 modo
1082 3269 1242 3333 iungit
1276 3285 1430 3318 enun-

270 3347 393 3399 tiata
436 3354 484 3414 55
519 3351 600 3411 11,
635 3352 717 3411 14,
753 3349 844 3410 17,
879 3351 961 3411 24,
995 3349 1077 3410 27,
1115 3351 1196 3410 29,
1231 3351 1311 3410 38,
1349 3351 1430 3410 53,

277 3428 353 3489 57,
401 3432 465 3481 63
509 3439 558 3483 et
605 3431 689 3492 67,
732 3432 852 3481 item
897 3432 949 3482 in
984 3432 1099 3482 aliis
1128 3433 1430 3482 emtionibus

274 3511 542 3578 {requenter
575 3515 780 3565 adhibet
811 3515 875 3564 ef.
911 3513 1039 3564 Uhle
1074 3514 1150 3564 1.1.
1180 3530 1263 3579 pg.
1297 3514 1380 3564 92.

338 3597 419 3645 τα
479 3598 650 3646 κατὰ
711 3594 828 3652 τὴν
890 3595 1330 3659 τριηραρχίαν
1361 3621 1432 3634 -

276 3675 435 3728 οῦτοι
468 3679 813 3733 πολυτελῆ
844 3675 1032 3743 ’όντα]
1067 3678 1128 3727 de
1156 3678 1431 3743 sumptibus

276 3757 581 3810 &ierarchiae
614 3762 680 3810 ef.
713 3758 1099 3809 Introductionis
1131 3775 1212 3824 pg.
1243 3759 1375 3809 XVI.

339 3842 493 3890 τότε
543 3840 710 3890 οὔτοι
761 3842 1097 3897 πολυτελῆ
1138 3839 1321 3907 ’θνα-α]
1356 3841 1432 3891 De

278 3919 351 3972 his
381 3924 537 3973 verbis
569 3924 635 3973 ef.
668 3922 1051 3972 luti-eductionis
1082 3938 1163 3987 pg.
1199 3921 1241 3968 V
1259 3938 1332 3987 sq.

342 4002 847 4069 προεισήνεγκα]
902 4004 1019 4070 quid
1075 4004 1141 4054 sit
1191 4003 1430 4068 εἰσφέρειν

280 4091 327 4134 et
358 4085 687 4150 προεισφέρειν
714 4086 916 4151 exposui
943 4086 1324 4137 Iun-eductionis
1350 4103 1431 4153 pg.

282 4164 345 4217 XI
372 4184 461 4234 ιφ,
492 4169 553 4219 de
586 4168 756 4218 formis
788 4165 992 4231 ἤνεγκον
1020 4174 1113 4218 cet.
1141 4174 1192 4218 et
1218 4165 1403 4231 ήνεγκα
1417 4206 1431 4229 ,

283 4246 477 4314 ‘imru
516 4257 611 4301 eet.
655 4249 880 4300 videatur
924 4250 1252 4300 Meisterhans
1276 4255 1297 4282 ²
1348 4267 1430 4316 pg.

284 4329 388 4393 146,
422 4333 453 4382 6
486 4349 531 4383 ο.
564 4339 733 4383 annot.

343 4412 370 4463 δ
384 4415 554 4481 όξαν]
588 4414 895 4465 aecusativus
925 4414 1179 4465 absolutus
1211 4415 1273 4465 cf.
1300 4413 1433 4463 Kfih-

285 4510 364 4546 ner
392 4497 645 4559 (Gratum)
674 4496 753 4546 11³
792 4512 871 4562 pg.
914 4496 1011 4545 646
1049 4512 1138 4561 sq„
1164 4494 1238 4545 La
1266 4495 1430 4545 Roehe

284 4577 517 4644 (Boiu-ige
546 4593 632 4627 zur
653 4593 724 4643 gr.
750 4578 984 4640 Gratum.)
1002 4592 1081 4642 pg.
1098 4577 1197 4626 210
1214 4593 1318 4642 sqq.
1337 4577 1431 4627 Ter

285 4657 330 4710 in
364 4669 531 4711 nostra
562 4660 781 4710 oratione
816 4676 872 4710 eo
908 4665 983 4709 est
1018 4675 1133 4708 usus
1168 4665 1333 4709 orator
1365 4660 1427 4709 ef.

285 4744 328 4806 55
346 4743 407 4793 12
425 4751 475 4794 et
493 4743 576 4793 22.
596 4742 907 4810 Quamquam
923 4758 1064 4792 verus
1079 4742 1429 4793 Demosthenes

1506 2055 1606 2089 aec.
1651 2040 1807 2090 absol.
1853 2043 2083 2106 persaepe
2130 2046 2358 2106 usurpat,
2393 2058 2481 2090 nec
2516 2039 2660 2105 δόξαν

1504 2137 1593 2171 nec
1626 2121 1949 2186 προσταχθέν
1988 2139 2194 2189 usquam
2223 2123 2274 2172 in
2304 2123 2417 2172 aliis
2435 2122 2664 2173 orationi-

1505 2204 1596 2253 bus
1628 2204 1732 2253 sive
1764 2204 1986 2269 genuinis
2020 2205 2122 2255 sive
2156 2204 2332 2269 spuriis
2366 2205 2627 2255 invenitur.

1571 2289 1695 2333 τῶν
1730 2283 2252 2351 ἐγκεκτημένων]
2283 2286 2486 2351 Quoties
2513 2287 2667 2336 tribu-

1502 2372 1610 2417 tum
1658 2367 1964 2432 pendendum
2010 2373 2115 2416 erat
2130 2405 2143 2426 ,
2187 2367 2562 2432 locupletissimi
2603 2368 2666 2417 ci-

1502 2449 1638 2498 vium
1689 2455 1739 2499 et
1790 2448 2029 2500 Ξσοτελῶν
2074 2466 2174 2499 nou
2220 2450 2379 2499 solum
2424 2450 2475 2499 in
2509 2466 2665 2515 pago,

1504 2532 1590 2581 ubi
1640 2548 1807 2581 eorum
1853 2531 2053 2581 nomina
2085 2531 2137 2581 in
2182 2532 2381 2582 tabulas
2429 2540 2568 2583 erant
2599 2549 2668 2582 re·

1501 2613 1608 2663 lata
1621 2652 1635 2673 ,
1669 2614 1981 2680 suppeditare
2014 2614 2281 2675 debebant,
2317 2615 2401 2664 sed
2435 2615 2585 2665 etiam
2614 2616 2665 2665 in

1500 2696 1564 2756 iis
1590 2696 1757 2761 pagis,
1789 2696 1875 2745 ubi
1901 2696 2104 2760 praedia
2133 2696 2461 2761 possidebant,
2480 2698 2535 2747 hi
2553 2703 2668 2747 sunt

1503 2773 1875 2841 ἔγκεκτημένοι.
1910 2779 2144 2828 Attamen
2179 2795 2276 2829 non
2311 2796 2476 2829 omnes
2508 2779 2669 2829 ἰσοτε-

1505 2860 1610 2916 λεῖς
1660 2860 1788 2909 inter
1834 2856 2230 2923 ἔγκεκτημένους
2275 2868 2415 2912 erant
2429 2900 2443 2923 ,
2477 2863 2561 2911 sed
2595 2878 2668 2912 so-

1503 2941 1610 2990 lum
1658 2941 1698 2990 ii
1740 2942 1916 3006 quibus
1961 2943 2038 2991 ius
2083 2943 2226 2992 aedes
2275 2949 2324 2994 et
2357 2945 2559 3010 praedia
2591 2960 2666 2994 ac-

1506 3023 1730 3088 quirendi
1797 3024 1849 3073 in
1913 3025 2081 3074 Attica
2143 3026 2314 3076 datum
2376 3033 2450 3077 est
2463 3065 2476 3087 ,
2537 3027 2667 3091 quod

1506 3104 1700 3154 disertis
1746 3106 1906 3155 verbis
1941 3106 2058 3156 addi
2090 3107 2231 3157 solet.
2267 3109 2330 3158 cf.
2366 3107 2420 3157 C.
2439 3108 2482 3159 1.
2499 3109 2561 3158 A.
2595 3108 2666 3159 11.

1506 3187 1623 3246 413,
1669 3202 1715 3236 v.
1763 3186 1827 3239 27
1873 3203 2003 3253 sqq.:
2049 3184 2171 3237 εἶναι
2213 3187 2410 3255 [aba-BP
2457 3188 2664 3246 Ξσοτελῆ

1507 3269 1594 3317 καῖ
1653 3266 1806 3317 αὐτὸν
1871 3267 1957 3318 καὶ
2018 3266 2276 3335 [ἐκγόνους
2336 3270 2423 3321 καὶ
2483 3270 2666 3339 ο]ἶκίας

1506 3348 1679 3407 αὐτοῖς
1742 3346 1888 3415 [εἶναι
1948 3348 2192 3414 ’έγκτησιν
2258 3352 2536 3420 Ἀθήν]ησιν
2548 3393 2562 3415 ,
2618 3359 2669 3404 et

1508 3429 1648 3480 δελτ.
1697 3430 1937 3493 ἀρχαιολ.
1987 3434 2119 3484 1888
2168 3452 2252 3500 ΡΒ.
2299 3437 2398 3485 224
2432 3437 2519 3486 ΝΟ.
2555 3437 2585 3485 3
2622 3452 2668 3486 v·

1510 3514 1539 3562 3
1599 3530 1727 3579 sqq.:
1791 3510 2067 3581 δ[εδόσθαι]
2117 3515 2290 3575 αὐτοῖς
2337 3515 2667 3584 ἵσοτέ[λε]ιαν

1508 3593 1745 3659 ainwa-tv
1780 3592 2059 3661 Ἀ]θήνησιν
2094 3598 2228 3664 [κ]αἶ
2257 3599 2402 3664 τ[α]ς
2433 3599 2668 3663 εἰσφορὰς

1509 3675 1750 3739 εἰσφέρειν
1800 3676 1887 3728 καὶ
1937 3680 2007 3729 τὰ
2058 3683 2186 3737 τέλη
2236 3681 2401 3729 τελεῖν
2451 3679 2667 3742 καθάπερ

1509 3755 1737 3816 Αθηναΐοι
1807 3796 1949 3810 .....
2010 3757 2187 3826 ε[1’]ναι
2250 3759 2306 3810 δᾶ
2359 3759 2532 3820 αὐτοῖς
2580 3761 2668 3811 καὶ

1507 3841 1604 3903 γῆς
1638 3838 1725 3890 καὶ
1756 3840 1920 3898 οἰκίας
1954 3839 2213 3905 έγκτησιν.
2247 3842 2355 3891 Hoc
2381 3842 2668 3893 beneficium

1507 3922 1657 3971 etiam
1692 3923 1977 3973 civitatibus
2010 3930 2053 3973 ei
2091 3924 2355 3988 peregrinis
2390 3924 2560 3975 datum
2595 3936 2670 3975 est

1508 4004 1574 4054 cf.
1616 4003 1671 4053 C.
1692 4003 1813 4055 LA.
1858 4004 1901 4054 1.
1945 4005 2007 4053 59
2043 4021 2091 4055 v.
2125 4006 2188 4054 80
2224 4021 2330 4071 sqq.
2364 4011 2414 4055 et
2446 4006 2670 4072 plebisci-

1506 4091 1614 4135 tum
1657 4085 2040 4151 Byzantinorum
2085 4087 2137 4136 in
2183 4087 2326 4137 Dem.
2363 4087 2549 4139 XVIII.
2582 4089 2663 4139 91.

1507 4167 1811 4217 Schoemann
1861 4168 1945 4234 qui
1996 4169 2209 4220 Alterth.
2260 4169 2286 4220 I
2339 4186 2421 4235 pg.
2473 4171 2569 4220 366
2616 4177 2668 4221 et

1506 4250 1673 4316 Antiq.
1692 4266 1774 4315 pg.
1796 4251 1885 4300 191
1921 4251 2170 4302 contendit
2186 4250 2429 4315 ’έγκτησιν
2445 4253 2670 4304 coniunc-

1505 4338 1610 4382 tam
1662 4348 1766 4383 esse
1815 4348 1928 4382 cum
1963 4332 2248 4400 ὶσοτελείᾳ,
2283 4333 2419 4386 nisus
2452 4335 2667 4386 Boeckh.

1506 4414 1751 4465 Statana
1802 4415 1844 4465 1.
1892 4431 1971 4480 pg.
2023 4413 2118 4466 197
2166 4431 2226 4476 o.,
2267 4415 2665 4483 inscriptionibus

1505 4496 1814 4560 redarguitur
1849 4498 1912 4547 ef.
1940 4496 2191 4546 Hermann
2224 4497 2305 4547 Gr.
2335 4498 2503 4566 Antiq.
2522 4500 2598 4550 1⁸.
2617 4501 2665 4552 2.

1505 4594 1585 4644 ΡΒ.
1623 4578 1722 4628 428
1749 4595 1854 4644 sqq.

1574 4658 1767 4722 μέρος
1793 4658 1901 4709 οὐκ
1930 4656 2329 4728 ἔλάχιστον]
2355 4664 2421 4715 cf.
2448 4664 2511 4714 ed
2541 4663 2665 4726 518.

1574 4739 1638 4791 ἂν
1701 4743 2009 4805 τριττοῖς
2060 4738 2313 4808 δήμοις]
2365 4746 2665 4810 τριττοῖς
