3350 5417
610 591 722 636 XVI
1575 589 1849 637 mmm]
1857 589 2018 637 OTIO.

606 755 894 837 portione
955 753 1329 838 pendebant.
1392 752 1854 818 Demosthenes
1881 752 1933 834 1)
1980 753 2301 839 gloriatur
2348 777 2414 820 se
2460 758 2622 821 vitia
2667 758 3006 842 prioribus

603 858 877 946 leg-ibus-
923 858 1000 923 de
1063 858 1434 923 trierarchia
1494 858 1891 924 inhaerentia
1951 859 2289 925 sustulisse
2307 908 2324 938 ,
2389 863 2613 927 exinde
2659 884 3008 948 nunquam

604 968 934 1031 triremem
999 966 1076 1030 ab
1124 965 1416 1030 hostibus
1463 970 1718 1049 captam
1766 985 1898 1030 esse
1946 964 2054 1030 vel
2101 966 2181 1031 ad
2226 969 2666 1054 navigandum
2711 991 2841 1035 non
2885 989 3008 1055 pa.-

605 1076 814 1136 ratam
884 1072 1081 1136 fuisse
1099 1118 1116 1148 ,
1183 1070 1537 1134 ditissimos
1596 1091 1665 1135 re
1727 1091 1881 1135 vera
1941 1091 2180 1135 munus
2243 1077 2589 1158 suscepisse
2659 1095 2865 1160 neque
2912 1075 3007 1139 ad

601 1197 909 1262 pauperes
978 1178 1271 1261 impensa
1335 1176 1573 1240 deferre
1633 1178 1935 1260 potuisse.
2000 1176 2343 1243 Aeschines
2406 1184 2620 1244 tamen
2681 1201 2831 1244 mox
2851 1229 2868 1257 ,
2940 1182 3006 1244 si

602 1281 1023 1346 Demostheni
1079 1280 1231 1345 fides
1250 1329 1266 1358 ,
1316 1281 1837 1366 derogationibus
1886 1282 2264 1366 quibusdam
2313 1284 2474 1348 hanc
2523 1285 3003 1350 ordinationem

603 1391 886 1453 mutavit
933 1409 967 1452 a
1015 1390 1346 1473 magistris
1394 1390 1897 1475 symmoriarum
1943 1390 2291 1474 instigatus
2319 1387 2391 1470 ⁹).

691 1493 1005 1578 Sumptus
1050 1493 1245 1557 huius
1291 1496 1576 1558 muneris
1622 1496 1788 1558 inter
1834 1494 2257 1581 quadraginta
2302 1497 2511 1561 minas
2557 1501 2621 1561 et
2667 1495 2998 1561 talentum

601 1601 728 1664 fuit
755 1603 826 1681 ³),
890 1605 1067 1686 patet
1116 1620 1269 1685 ergo
1315 1599 1842 1685 locupletissimis
1887 1600 2078 1665 modo
2125 1602 2369 1665 civium
2417 1607 2482 1666 et
2525 1601 2992 1687 inquilinorum

601 1706 722 1771 hoc
783 1705 1234 1791 praestandum
1283 1706 1511 1783 fuisse;
1563 1706 2030 1789 antiquioribus
2075 1708 2471 1791 temporibus
2519 1708 2769 1773 civibus
2817 1729 2998 1772 sum-

601 1832 745 1876 mae
805 1810 1023 1875 classis
1089 1811 1460 1876 obeundum
1518 1810 1680 1888 fuit,
1738 1815 1993 1895 postea,
2056 1817 2131 1875 ut
2195 1833 2387 1897 supra
2436 1813 2604 1890 dixi,
2652 1813 2777 1878 alia
2821 1816 2997 1879 ratio

601 1923 697 1981 est
756 1919 1057 1981 instituta
1077 1964 1092 1993 ,
1157 1920 1219 1980 et
1281 1918 1478 1980 etiam
1540 1918 1712 1980 cives
1774 1916 2153 1980 inferiorum
2215 1915 2516 1982 classium
2577 1923 2643 1981 et
2684 1917 2999 2004 inquilini

599 2022 706 2088 vel
769 2022 888 2087 soli
950 2020 1055 2087 vel
1119 2042 1267 2085 cum
1328 2020 1473 2085 aliis
1536 2024 1857 2086 coniuncti
1918 2023 2210 2086 triremes
2272 2043 2492 2108 parare
2539 2022 2848 2087 debebant
2864 2043 2882 2098 3
2934 2026 2997 2087 si

600 2129 886 2193 eiusdem
930 2130 1215 2191 muneris
1261 2129 1602 2213 participes
1649 2131 1864 2204 erant,
1913 2129 2182 2211 quisque
2231 2128 2582 2193 secundum
2628 2149 2767 2193 rem
2804 2128 2997 2193 fami-

597 2234 825 2299 liarem
872 2221 1408 2298 contributionem
1451 2232 1782 2317 pendebat.

689 2340 1016 2405 Immunes
1062 2344 1243 2403 erant
1290 2339 1430 2404 orbi
1475 2344 1540 2403 et
1586 2338 1754 2403 filiae
1801 2337 2076 2423 epicleri,
2118 2338 2218 2403 illi
2256 2341 2456 2403 etiam
2493 2361 2654 2405 anno
2696 2342 2997 2425 proximo

600 2452 941 2532 postquam
986 2448 1088 2510 sui
1132 2447 1293 2509 iuris
1339 2449 1518 2509 erant
1564 2445 1717 2508 facti
1735 2492 1752 2520 ‚
1801 2443 1920 2508 hae
1968 2444 2161 2510 donec
2210 2447 2608 2529 nupsissent,
2651 2451 2716 2510 et
2755 2468 2998 2512 novem

601 2553 930 2617 archontes
950 2599 967 2629 ,
1033 2571 1237 2635 neque
1298 2553 1599 2634 cuiquam
1645 2550 1770 2614 duo
1817 2570 2084 2614 munera
2130 2548 2352 2614 eodem
2401 2572 2564 2615 anno
2613 2551 2999 2636 praestanda

600 2664 778 2722 erant
804 2658 890 2737 ⁴);
957 2661 1277 2742 praeterea
1340 2653 1603 2720 alternis
1664 2659 1846 2720 annis
1908 2657 2123 2740 quivis
2168 2658 2480 2721 immunis
2527 2661 2662 2721 erat
2684 2659 2761 2737 ⁵),
2812 2659 2999 2721 trier-

597 2764 772 2828 archi
816 2784 968 2828 vero
1013 2783 1250 2826 munus
1298 2766 1617 2846 praestare
1665 2782 1855 2826 nemo
1904 2764 2029 2825 nisi
2078 2764 2268 2826 tertio
2319 2783 2571 2848 quoque
2613 2783 2777 2828 anno
2818 2769 2995 2827 tene-

596 2869 787 2933 batur
810 2870 883 2952 ⁸).
930 2868 1231 2951 Exceptis
1278 2865 1410 2930 illis
1459 2887 1616 2951 quos
1663 2867 1853 2931 modo
1902 2866 2295 2952 significavi,
2339 2872 2404 2932 et
2441 2869 2702 2932 honoris
2727 2868 2997 2953 quidem

597 2994 819 3051 causa,
858 2975 1240 3037 immunitas
1276 2974 1601 3036 rarissime
1640 2993 1678 3037 a
1717 2973 1950 3058 populo
1991 2973 2278 3047 dabatur,
2319 2974 2512 3058 idque
2537 2974 2990 3040 tantummodo

597 3100 941 3144 munerum
990 3098 1351 3143 annuorum
1374 3082 1446 3157 ⁷).

690 3184 815 3264 Qui
873 3189 1091 3248 autem
1151 3204 1387 3248 munus
1450 3185 1573 3248 sibi
1631 3185 1873 3248 iniuste
1933 3186 2317 3268 impositum
2364 3205 2498 3249 esse
2544 3185 2948 3250 contenderet
2969 3234 2988 3262 ‚

598 3297 662 3356 et
723 3290 925 3356 alium
984 3288 1468 3374 locupletiorem
1512 3293 2040 3374 praetermissum
2062 3339 2075 3365 ,
2125 3294 2185 3355 ei
2232 3290 2402 3355 hunc
2450 3311 2793 3375 provocare
2841 3290 2992 3356 lice-

596 3398 707 3463 bat
769 3402 843 3460 ut
907 3402 1019 3461 aut
1087 3417 1326 3460 munus
1388 3398 1522 3480 ipse
1570 3398 1881 3480 acciperet
1926 3403 2072 3475 aut,
2124 3398 2178 3460 si
2224 3403 2573 3475 recusaret,
2621 3419 2759 3461 rem
2807 3398 2995 3462 fami—

594 3502 820 3568 liarem
889 3523 1107 3567 secum
1167 3506 1597 3586 permutaret,
1667 3501 1833 3586 quod
1896 3506 2041 3566 ante
2088 3523 2345 3566 causam
2387 3502 2739 3567 iudicatam
2786 3503 2995 3568 facere

602 3609 888 3674 debebat.
938 3607 1008 3672 Si
1053 3609 1442 3693 permutatio
1490 3613 1625 3672 erat
1670 3612 1927 3693 accepta
1944 3656 1959 3686 ,
2008 3609 2179 3672 intra
2217 3612 2345 3672 tres
2385 3608 2518 3673 dies
2543 3613 2595 3690 θ)
2634 3611 2833 3673 iurati
2867 3609 2995 3673 sibi

670 3870 718 3931 l)
752 3870 812 3917 cf.
849 3867 1033 3917 XVIII.
1066 3867 1345 3915 102-109.

670 3951 718 4011 2)
754 3952 816 3999 cf.
860 3949 1001 3998 Dem.
1047 3947 1237 3996 XVIII.
1286 3948 1409 3995 312:
1459 3944 1761 3994 διτάλαντον
1797 3941 1986 4007 δἐῒχες
2021 3944 2186 4006 ’ἔρανον
2222 3944 2400 4007 δωρεὰν
2435 3948 2567 4007 παρὰ
2602 3950 2700 3994 τῶν
2736 3944 2991 4008 ἡγεμόνων

602 4035 700 4079 τῶν
735 4034 1043 4091 συμμοριῶν,
1079 4026 1159 4091 ἐφ’
1197 4023 1269 4084 οἷς
1304 4025 1530 4088 ἐλυμήνω
1565 4028 1651 4076 τὸν
1688 4028 2030 4089 τριηραρχικὸν
2066 4029 2224 4087 νόμον.
2291 4020 2295 4024 ’
2770 4077 2776 4084 ‚

671 4114 718 4175 3)
754 4115 815 4162 cf.
850 4112 1075 4171 Boeckh,
1111 4112 1255 4160 Seew.
1291 4127 1371 4175 pg.
1408 4110 1504 4158 208
1541 4126 1611 4172 sq.
1984 4111 2032 4170 4)
2066 4111 2130 4158 cf.
2165 4109 2305 4158 Dem.
2341 4110 2443 4160 XX.
2481 4112 2570 4170 19,
2606 4110 2783 4171 (Dem.)
2817 4110 2871 4159 1..
2910 4112 2959 4159 9.

667 4197 713 4256 5)
748 4196 810 4243 cf.
843 4194 982 4243 Dem.
1016 4193 1145 4241 XXI.
1184 4193 1238 4241 8:
1278 4191 1499 4240 ἐνιαυτὸν
1534 4189 1775 4239 διαλιπὼν
1809 4189 2025 4247 ἕκαστος
2063 4193 2345 4254 λῃτουργεῖ.

668 4278 717 4338 6)
752 4278 813 4325 cf.
859 4275 985 4324 Isae.
1029 4274 1142 4322 VII.
1194 4274 1282 4322 38:
1331 4272 1417 4321 καὶ
1462 4278 1769 4334 τριηραρχῶν
1815 4273 1901 4321 τὸν
1951 4270 2121 4320 πάντα
2153 4274 2326 4334 χρόνον
2362 4272 2643 4322 διετέλεσεν
2679 4302 2732 4309 —-
2757 4271 2870 4321 οὐδὲ
2907 4270 2994 4320 δύο

597 4355 690 4413 ’ἐτη
726 4355 993 4412 διαλιπών,
1028 4355 1169 4404 ἀλλὰ
1206 4359 1450 4417 συνεχῶς,
1487 4355 1700 4403 Boeckh.
1736 4354 1882 4403 Seew.
1919 4369 1998 4418 pg.
2038 4352 2133 4404 175
2169 4370 2272 4417 sqq.

666 4438 714 4500 7)
749 4440 810 4488 cf.
859 4438 999 4487 Dem.
1047 4438 1152 4486 XX.
1203 4438 1294 4485 182
1344 4440 1442 4484 τῶν
1490 4438 1588 4498 γὰρ
1636 4434 1706 4492 εἷς
1754 4437 1840 4483 τὸν
1889 4437 2107 4495 πόλεμον
2154 4434 2239 4482 καὶ
2271 4435 2361 4491 τὴν
2398 4437 2640 4497 σωτηρίαν
2676 4437 2768 4494 τῆς
2802 4437 2995 4491 πόλεως

599 4519 833 4582 εἰσφορῶν
868 4519 951 4567 καὶ
986 4515 1572 4580 τριηραρχιῶν-οὐδείς
1614 4513 1727 4565 ἐστ’
1764 4515 1950 4573 ἀτελὴς
1987 4512 2042 4563 ἐκ
2076 4521 2173 4563 τῶν
2211 4522 2436 4564 παλαιῶν
2473 4518 2643 4577 νόμων.

668 4603 723 4666 8)
756 4603 815 4651 cf.
852 4602 1027 4663 (Dem.)
1064 4600 1217 4649 XLII.
1256 4602 1310 4648 l:
1350 4598 1467 4648 ἀντὶ
1504 4599 1594 4659 μὲν
1633 4602 1725 4646 τοῦ
1761 4602 1905 4659 τριῶν
1941 4596 2154 4658 ἡμερῶν,
2188 4596 2278 4659 ἀφ’
2311 4592 2365 4655 ἧς
2400 4596 2568 4659 ὤμοσε
2604 4598 2694 4655 τὴν
2734 4598 3000 4660 ἀπόφασιν

600 4683 773 4732 δοῦναί
801 4700 883 4743 μοι
921 4684 1012 4740 τῆς
1047 4683 1221 4740 οἰισίκς
1256 4684 1347 4739 τῆς
1384 4681 1542 4730 αὐτοῦ
1580 4683 1715 4730 κατὰ
1755 4681 1840 4729 τὸν
1878 4682 2019 4740 νόμον
2042 4708 2102 4717 -
2124 4677 2358 4739 οὺδέτερα
2395 4679 2587 4730 τούτων
2618 4677 2858 4737 ἐποίησεν.
