3350 5417
1427 625 1512 693 53

1370 871 1576 943 XIX.

348 1001 532 1109 Ho'r.
580 1044 709 1110 sat.
758 1045 839 1110 11.
891 1046 951 1110 6.
986 1045 1286 1111 16—20:

452 1149 636 1235 Ergo
683 1152 793 1215 ubi
836 1173 942 1216 me
989 1154 1058 1216 in
1101 1158 1348 1215 montes
1396 1157 1460 1215 et
1505 1153 1572 1213 in
1617 1173 1828 1216 arcem
1876 1175 1953 1218 ex
2000 1153 2158 1218 urbe
2206 1156 2453 1219 removi

458 1254 632 1333 Quid
678 1259 854 1341 prius
900 1257 1223 1322 illustrem
1268 1255 1492 1320 Satiris
1539 1255 1852 1341 Musaque
1902 1256 2224 1342 pedestri?

461 1360 598 1425 Nec
641 1363 810 1428 mala
855 1385 961 1427 me
1008 1364 1273 1427 ambitio
1323 1363 1531 1448 perdit
1578 1385 1691 1428 nee
1739 1364 2082 1450 plumbeus
2132 1367 2368 1431 Auster

462 1468 958 1553 Autumnusque
1005 1472 1223 1555 gravis
1270 1468 1590 1533 Libitinae
1639 1477 1940 1554 quaestus
1988 1471 2265 1535 acerbae.

464 1572 786 1638 Matutine
834 1582 1016 1659 pater
1061 1580 1180 1638 eet.

356 1677 898 1764 Transponendus
947 1687 1044 1745 est
1090 1702 1187 1745 vs.
1244 1676 1322 1745 17
1372 1686 1437 1744 et
1481 1679 1863 1766 legendum:

465 1785 638 1872 Ergo
685 1790 797 1853 ubi
844 1809 948 1851 me
997 1789 1065 1850 in
1113 1792 1365 1851 mont-es
1412 1791 1474 1850 et
1521 1790 1589 1851 in
1637 1810 1849 1853 arcem
1895 1810 1973 1852 ex
2019 1789 2175 1853 urbe
2223 1791 2504 1863 removi,

467 1891 596 1957 Nee
643 1893 814 1958 mala
862 1915 967 1958 me
1015 1894 1281 1958 ambitio
1328 1894 1540 1978 perdit
1587 1916 1699 1960 nee
1747 1894 2092 1979 plumbeus
2141 1897 2375 1959 Auster

472 1996 966 2084 Autumnusque
1013 2002 1230 2087 gravis
1276 1999 1595 2064 Libitinae
1645 2008 1946 2085 quaestus
1992 2002 2285 2078 acerbae,

469 2103 631 2182 Quid
675 2109 853 2191 prius
899 2105 1223 2170 illustrem
1271 2104 1496 2170 Satiris
1543 2107 1860 2191 Musaque
1907 2105 2225 2191 pedestri?

468 2209 788 2276 Matutine
835 2217 1016 2296 pater
1062 2220 1181 2276 oet.

1397 2377 1561 2450 XX.

367 2552 469 2617 De
515 2553 1078 2641 begripsbepaling·
1126 2576 1250 2620 van
1299 2555 1589 2621 Socrates
1636 2555 1882 2620 bestaat
1926 2557 1994 2618 in
2043 2554 2154 2620 het
2194 2576 2504 2640 opsporen
2552 2579 2668 2619 Hm

264 2657 389 2722 het
452 2660 1151 2746 gemeensehappelijke
1213 2683 1337 2725 van
1399 2668 1535 2726 met
1597 2660 1964 2726 denzelfden
2011 2681 2198 2725 naam
2243 2662 2672 2747 bestemp-:ttffl

266 2764 552 2849 dingen,
617 2767 837 2829 berust
889 2767 1007 2831 dus
1057 2789 1136 2851 op
1185 2769 1809 2851 overeenstemming
1855 2768 1923 2830 in
1970 2766 2081 2829 het
2127 2767 2672 2853 spraakgebrnilz,

265 2869 439 2934 leert
502 2870 691 2934 enkel
738 2871 815 2935 de
861 2873 1188 2958 gangbare
1242 2874 1598 2938 beteekenis
1647 2894 1773 2937 van
1819 2871 2111 2936 woorden
2157 2873 2438 2948 konnen,
2492 2899 2560 2935 en
2620 2879 2668 2935 is

266 2979 413 3040 niet
463 2997 618 3040 voor
665 2981 1030 3063 toepassing
1078 2979 1372 3055 vatbaar,
1423 2982 1651 3045 zoodra
1700 2978 1775 3041 de
1815 2999 1929 3041 een
1966 3000 2121 3043 voor
2160 2979 2326 3065 goed
2366 2980 2439 3043 of
2466 2980 2668 3063 hafflig

268 3084 348 3146 of
381 3082 619 3146 schoon
660 3083 983 3148 verklaart
1020 3090 1147 3149 wat
1185 3084 1260 3149 de
1300 3085 1494 3149 ander
1533 3084 1771 3159 slecht,
1814 3083 2137 3169 onheilig,
2180 3083 2392 3170 leelijk
2431 3103 2664 3148 noema-

1366 3252 1571 3326 XXI.

370 3426 468 3490 De
527 3424 902 3503 Quaestores
966 3428 1194 3489 aerarii
1254 3429 1376 3511 zijn
1436 3426 1715 3492 dezelfde
1773 3431 2197 3514 magistraten
2243 3426 2335 3492 als
2383 3427 2458 3491 de
2508 3435 2664 3487 undu

265 3532 654 3611 Quaestores
702 3529 1047 3614 parricidii.

1352 3697 1592 3769 XXII.

371 3872 465 3936 De
525 3879 724 3937 eei-ste
789 3873 1482 3959 Senaatsvergadering
1543 3892 1624 3935 na
1688 3870 1947 3937 Gaesars
2010 3872 2174 3938 dood
2234 3875 2289 3935 is
2335 3873 2664 3956 gehmmffl

269 4001 358 4063 op
429 3975 510 4042 17
574 3977 787 4042 Maart
852 3979 974 4056 44,
1038 4002 1115 4043 en
1169 3979 1245 4044 de
1295 3977 1950 4063 volksvergadering,
2003 3978 2104 4044 die
2153 3977 2229 4041 de
2274 3980 2343 4040 in
2390 3978 2488 4041 die
2548 4003 2668 4035 wr-

269 4083 594 4171 gadering
655 4106 973 4170 genomen
1036 4084 1353 4149 besluiten
1418 4092 1624 4148 moest
1686 4083 2176 4170 bekrachtigen,
2244 4105 2322 4168 op
2380 4085 2492 4148 den
2556 4112 2568 4143 κ
2592 4119 2624 4131 ==

271 4188 530 4275 geoden
578 4188 739 4275 dag,
797 4189 879 4255 18
927 4190 1160 4254 Maart.

1333 4354 1613 4427 XXIII.

367 4529 641 4595 'Perecht
703 4529 907 4593 wordt
969 4551 1142 4593 meer
1201 4551 1277 4593 en
1334 4551 1508 4593 meer
1554 4529 1666 4595 het
1720 4529 2007 4607 oordeel,
2058 4531 2167 4594 dat
2212 4530 2544 4596 Drumann
2600 4559 2668 4591 ι

270 4637 646 4702 Mommsen
693 4657 846 4701 over
894 4633 1113 4701 Cicero
1163 4632 1405 4712 vellen,
1458 4634 1551 4700 als
1601 4643 1663 4698 te
1713 4641 2070 4722 ongunstig
2117 4656 2504 4722 verworpen,
