<?xml version="1.0" encoding="UTF-8"?>
<!DOCTYPE html PUBLIC "-//W3C//DTD XHTML 1.0 Transitional//EN"
    "http://www.w3.org/TR/xhtml1/DTD/xhtml1-transitional.dtd">
<html xmlns="http://www.w3.org/1999/xhtml" xml:lang="en" lang="en">
 <head>
  <title>
</title>
<meta http-equiv="Content-Type" content="text/html;charset=utf-8" />
  <meta name='ocr-system' content='tesseract 3.04.00' />
  <meta name='ocr-capabilities' content='ocr_page ocr_carea ocr_par ocr_line ocrx_word'/>
</head>
<body>
  <div class='ocr_page' id='page_1' title='image "./quaeferturorati00haargoog_0029.png"; bbox 0 0 3350 5417; ppageno 0'>
   <div class='ocr_carea' id='block_1_1' title="bbox 23 4404 45 4486">
    <p class='ocr_par' dir='ltr' id='par_1_1' title="bbox 23 4404 45 4486">
     <span class='ocr_line' id='line_1_1' title="bbox 23 4404 45 4486; textangle 90"><span class='ocrx_word' id='word_1_1' title='bbox 23 4404 45 4486; x_wconf 43' lang='lat' dir='ltr'>‘fl‘</span> 
     </span>
    </p>
   </div>
   <div class='ocr_carea' id='block_1_2' title="bbox 1209 645 2625 699">
    <p class='ocr_par' dir='ltr' id='par_1_2' title="bbox 1209 645 2625 699">
     <span class='ocr_line' id='line_1_2' title="bbox 1209 645 2625 699; baseline -0.001 -1"><span class='ocrx_word' id='word_1_2' title='bbox 1209 645 1651 699; x_wconf 72' lang='lat' dir='ltr'><strong>IN&#39;I&#39;BODUG&#39;PIO.</strong></span> <span class='ocrx_word' id='word_1_3' title='bbox 2482 646 2625 697; x_wconf 83' lang='lat' dir='ltr'>xvn</span> 
     </span>
    </p>
   </div>
   <div class='ocr_carea' id='block_1_3' title="bbox 189 812 2638 1855">
    <p class='ocr_par' dir='ltr' id='par_1_3' title="bbox 189 812 2638 1855">
     <span class='ocr_line' id='line_1_3' title="bbox 189 812 2631 892; baseline 0.001 -18"><span class='ocrx_word' id='word_1_4' title='bbox 189 812 473 878; x_wconf 77' lang='lat' dir='ltr'>invicem</span> <span class='ocrx_word' id='word_1_5' title='bbox 516 816 993 880; x_wconf 77' lang='lat' dir='ltr'><strong>inventarium</strong></span> <span class='ocrx_word' id='word_1_6' title='bbox 1023 836 1234 880; x_wconf 88' lang='lat' dir='ltr'>rerum</span> <span class='ocrx_word' id='word_1_7' title='bbox 1274 836 1538 880; x_wconf 86' lang='lat' dir='ltr'>suarum</span> <span class='ocrx_word' id='word_1_8' title='bbox 1580 814 1730 879; x_wconf 87' lang='lat' dir='ltr'>dare</span> <span class='ocrx_word' id='word_1_9' title='bbox 1770 815 2113 892; x_wconf 90' lang='lat' dir='ltr'>debebant;</span> <span class='ocrx_word' id='word_1_10' title='bbox 2148 813 2377 879; x_wconf 91' lang='lat' dir='ltr'>domus</span> <span class='ocrx_word' id='word_1_11' title='bbox 2410 819 2631 877; x_wconf 77' lang='lat' dir='ltr'>autem</span> 
     </span>
     <span class='ocr_line' id='line_1_4' title="bbox 192 918 2633 1007; baseline 0.001 -26"><span class='ocrx_word' id='word_1_12' title='bbox 192 925 251 981; x_wconf 79' lang='lat' dir='ltr'>et</span> <span class='ocrx_word' id='word_1_13' title='bbox 308 920 557 987; x_wconf 85' lang='lat' dir='ltr'>horrea</span> <span class='ocrx_word' id='word_1_14' title='bbox 625 922 1166 1007; x_wconf 79' lang='lat' dir='ltr'>obsignabantur,</span> <span class='ocrx_word' id='word_1_15' title='bbox 1212 943 1291 987; x_wconf 92' lang='lat' dir='ltr'>ne</span> <span class='ocrx_word' id='word_1_16' title='bbox 1338 922 1635 986; x_wconf 89' lang='lat' dir='ltr'>dominus</span> <span class='ocrx_word' id='word_1_17' title='bbox 1681 921 1909 985; x_wconf 87' lang='lat' dir='ltr'>furtim</span> <span class='ocrx_word' id='word_1_18' title='bbox 1958 919 2201 1006; x_wconf 90' lang='lat' dir='ltr'>aliquid</span> <span class='ocrx_word' id='word_1_19' title='bbox 2248 918 2515 998; x_wconf 86' lang='lat' dir='ltr'>celaret,</span> <span class='ocrx_word' id='word_1_20' title='bbox 2569 924 2633 984; x_wconf 93' lang='lat' dir='ltr'>et</span> 
     </span>
     <span class='ocr_line' id='line_1_5' title="bbox 194 1024 2633 1112; baseline -0 -23"><span class='ocrx_word' id='word_1_21' title='bbox 194 1025 248 1089; x_wconf 79' lang='lat' dir='ltr'>si</span> <span class='ocrx_word' id='word_1_22' title='bbox 291 1047 393 1091; x_wconf 85' lang='lat' dir='ltr'>res</span> <span class='ocrx_word' id='word_1_23' title='bbox 443 1027 535 1092; x_wconf 88' lang='lat' dir='ltr'>ad</span> <span class='ocrx_word' id='word_1_24' title='bbox 591 1027 1014 1093; x_wconf 85' lang='lat' dir='ltr'>concordiam</span> <span class='ocrx_word' id='word_1_25' title='bbox 1063 1028 1290 1093; x_wconf 84' lang='lat' dir='ltr'>adduci</span> <span class='ocrx_word' id='word_1_26' title='bbox 1337 1050 1461 1093; x_wconf 91' lang='lat' dir='ltr'>non</span> <span class='ocrx_word' id='word_1_27' title='bbox 1505 1029 1854 1112; x_wconf 85' lang='lat' dir='ltr'>potuisset,</span> <span class='ocrx_word' id='word_1_28' title='bbox 1902 1024 2231 1091; x_wconf 87' lang='lat' dir='ltr'>Heliastae</span> <span class='ocrx_word' id='word_1_29' title='bbox 2280 1024 2633 1090; x_wconf 86' lang='lat' dir='ltr'>secundum</span> 
     </span>
     <span class='ocr_line' id='line_1_6' title="bbox 194 1128 2636 1199; baseline -0 -4"><span class='ocrx_word' id='word_1_30' title='bbox 194 1128 308 1194; x_wconf 76' lang='lat' dir='ltr'>ina</span> <span class='ocrx_word' id='word_1_31' title='bbox 367 1135 772 1198; x_wconf 78' lang='lat' dir='ltr'>inventaria</span> <span class='ocrx_word' id='word_1_32' title='bbox 818 1154 1056 1199; x_wconf 91' lang='lat' dir='ltr'>munus</span> <span class='ocrx_word' id='word_1_33' title='bbox 1103 1133 1567 1198; x_wconf 87' lang='lat' dir='ltr'>adiudicabant.</span> <span class='ocrx_word' id='word_1_34' title='bbox 1618 1131 2063 1197; x_wconf 87' lang='lat' dir='ltr'>Inventarium</span> <span class='ocrx_word' id='word_1_35' title='bbox 2108 1134 2275 1195; x_wconf 87' lang='lat' dir='ltr'>inter</span> <span class='ocrx_word' id='word_1_36' title='bbox 2319 1130 2448 1196; x_wconf 88' lang='lat' dir='ltr'>alia</span> <span class='ocrx_word' id='word_1_37' title='bbox 2496 1152 2636 1195; x_wconf 90' lang='lat' dir='ltr'>con-</span> 
     </span>
     <span class='ocr_line' id='line_1_7' title="bbox 197 1234 2633 1325; baseline -0.001 -24"><span class='ocrx_word' id='word_1_38' title='bbox 197 1238 400 1303; x_wconf 85' lang='lat' dir='ltr'>tinere</span> <span class='ocrx_word' id='word_1_39' title='bbox 467 1239 774 1304; x_wconf 85' lang='lat' dir='ltr'>debebat</span> <span class='ocrx_word' id='word_1_40' title='bbox 819 1242 1138 1318; x_wconf 81' lang='lat' dir='ltr'>iumenta,</span> <span class='ocrx_word' id='word_1_41' title='bbox 1185 1242 1502 1325; x_wconf 83' lang='lat' dir='ltr'>mancipia</span> <span class='ocrx_word' id='word_1_42' title='bbox 1521 1287 1537 1317; x_wconf 90' lang='lat'>‚</span> <span class='ocrx_word' id='word_1_43' title='bbox 1589 1238 1808 1323; x_wconf 83' lang='lat' dir='ltr'>fruges</span> <span class='ocrx_word' id='word_1_44' title='bbox 1836 1234 1909 1315; x_wconf 90' lang='lat'>¹),</span> <span class='ocrx_word' id='word_1_45' title='bbox 1959 1237 2437 1321; x_wconf 78' lang='lat' dir='ltr'>excipiebantur</span> <span class='ocrx_word' id='word_1_46' title='bbox 2483 1257 2633 1302; x_wconf 83' lang='lat' dir='ltr'>vero</span> 
     </span>
     <span class='ocr_line' id='line_1_8' title="bbox 197 1341 2637 1431; baseline -0.001 -23"><span class='ocrx_word' id='word_1_47' title='bbox 197 1363 362 1427; x_wconf 84' lang='lat' dir='ltr'>quae</span> <span class='ocrx_word' id='word_1_48' title='bbox 411 1347 574 1430; x_wconf 86' lang='lat' dir='ltr'>quis</span> <span class='ocrx_word' id='word_1_49' title='bbox 615 1347 697 1409; x_wconf 90' lang='lat' dir='ltr'>in</span> <span class='ocrx_word' id='word_1_50' title='bbox 744 1346 1232 1431; x_wconf 82' lang='lat' dir='ltr'>argentifodinis</span> <span class='ocrx_word' id='word_1_51' title='bbox 1273 1350 1337 1412; x_wconf 92' lang='lat' dir='ltr'>et</span> <span class='ocrx_word' id='word_1_52' title='bbox 1379 1345 1716 1410; x_wconf 85' lang='lat' dir='ltr'>cleruchiis</span> <span class='ocrx_word' id='word_1_53' title='bbox 1757 1343 1863 1408; x_wconf 84' lang='lat' dir='ltr'>vel</span> <span class='ocrx_word' id='word_1_54' title='bbox 1902 1365 2046 1408; x_wconf 87' lang='lat' dir='ltr'>cum</span> <span class='ocrx_word' id='word_1_55' title='bbox 2090 1341 2231 1407; x_wconf 84' lang='lat' dir='ltr'>aliis</span> <span class='ocrx_word' id='word_1_56' title='bbox 2272 1344 2637 1407; x_wconf 88' lang='lat' dir='ltr'>communia</span> 
     </span>
     <span class='ocr_line' id='line_1_9' title="bbox 200 1448 2638 1533; baseline -0.001 -19"><span class='ocrx_word' id='word_1_57' title='bbox 200 1450 583 1533; x_wconf 74' lang='lat' dir='ltr'>possidebat</span> <span class='ocrx_word' id='word_1_58' title='bbox 613 1449 714 1530; x_wconf 73' lang='lat'>⁹);</span> <span class='ocrx_word' id='word_1_59' title='bbox 781 1471 913 1515; x_wconf 88' lang='lat' dir='ltr'>una</span> <span class='ocrx_word' id='word_1_60' title='bbox 969 1472 1117 1516; x_wconf 86' lang='lat' dir='ltr'>cum</span> <span class='ocrx_word' id='word_1_61' title='bbox 1177 1473 1243 1517; x_wconf 89' lang='lat' dir='ltr'>re</span> <span class='ocrx_word' id='word_1_62' title='bbox 1306 1450 1610 1516; x_wconf 88' lang='lat' dir='ltr'>familiari</span> <span class='ocrx_word' id='word_1_63' title='bbox 1659 1452 1859 1514; x_wconf 91' lang='lat' dir='ltr'>etiam</span> <span class='ocrx_word' id='word_1_64' title='bbox 1904 1470 2009 1515; x_wconf 90' lang='lat' dir='ltr'>aes</span> <span class='ocrx_word' id='word_1_65' title='bbox 2059 1448 2340 1513; x_wconf 87' lang='lat' dir='ltr'>alienum</span> <span class='ocrx_word' id='word_1_66' title='bbox 2386 1469 2638 1533; x_wconf 85' lang='lat' dir='ltr'>permu-</span> 
     </span>
     <span class='ocr_line' id='line_1_10' title="bbox 202 1554 2637 1643; baseline 0 -25"><span class='ocrx_word' id='word_1_67' title='bbox 202 1558 450 1622; x_wconf 77' lang='lat' dir='ltr'>tatione</span> <span class='ocrx_word' id='word_1_68' title='bbox 489 1558 578 1622; x_wconf 90' lang='lat' dir='ltr'>ab</span> <span class='ocrx_word' id='word_1_69' title='bbox 622 1557 998 1623; x_wconf 81' lang='lat' dir='ltr'>adversario</span> <span class='ocrx_word' id='word_1_70' title='bbox 1035 1558 1471 1643; x_wconf 83' lang='lat' dir='ltr'>accipiendum</span> <span class='ocrx_word' id='word_1_71' title='bbox 1514 1562 1671 1622; x_wconf 86' lang='lat' dir='ltr'>erat.</span> <span class='ocrx_word' id='word_1_72' title='bbox 1714 1556 1913 1643; x_wconf 81' lang='lat' dir='ltr'>Saepe</span> <span class='ocrx_word' id='word_1_73' title='bbox 1953 1565 2171 1621; x_wconf 87' lang='lat' dir='ltr'>autem</span> <span class='ocrx_word' id='word_1_74' title='bbox 2214 1577 2291 1620; x_wconf 82' lang='lat' dir='ltr'>ex</span> <span class='ocrx_word' id='word_1_75' title='bbox 2337 1554 2455 1619; x_wconf 87' lang='lat' dir='ltr'>illa</span> <span class='ocrx_word' id='word_1_76' title='bbox 2499 1576 2637 1640; x_wconf 87' lang='lat' dir='ltr'>per-</span> 
     </span>
     <span class='ocr_line' id='line_1_11' title="bbox 204 1661 2637 1743; baseline 0 -18"><span class='ocrx_word' id='word_1_77' title='bbox 204 1665 583 1728; x_wconf 76' lang='lat' dir='ltr'>mutatione</span> <span class='ocrx_word' id='word_1_78' title='bbox 656 1664 947 1728; x_wconf 81' lang='lat' dir='ltr'>actiones</span> <span class='ocrx_word' id='word_1_79' title='bbox 1005 1670 1182 1729; x_wconf 90' lang='lat' dir='ltr'>natas</span> <span class='ocrx_word' id='word_1_80' title='bbox 1245 1686 1413 1743; x_wconf 88' lang='lat' dir='ltr'>esse,</span> <span class='ocrx_word' id='word_1_81' title='bbox 1463 1685 1615 1729; x_wconf 88' lang='lat' dir='ltr'>cum</span> <span class='ocrx_word' id='word_1_82' title='bbox 1662 1662 1825 1727; x_wconf 87' lang='lat' dir='ltr'>alter</span> <span class='ocrx_word' id='word_1_83' title='bbox 1869 1662 2376 1729; x_wconf 84' lang='lat' dir='ltr'>adversariorum</span> <span class='ocrx_word' id='word_1_84' title='bbox 2425 1661 2637 1726; x_wconf 89' lang='lat' dir='ltr'>dolose</span> 
     </span>
     <span class='ocr_line' id='line_1_12' title="bbox 206 1768 2634 1855; baseline 0 -23"><span class='ocrx_word' id='word_1_85' title='bbox 206 1788 277 1832; x_wconf 78' lang='lat' dir='ltr'>se</span> <span class='ocrx_word' id='word_1_86' title='bbox 324 1772 652 1854; x_wconf 80' lang='lat' dir='ltr'>gessisset</span> <span class='ocrx_word' id='word_1_87' title='bbox 678 1817 698 1845; x_wconf 92' lang='lat'>‚</span> <span class='ocrx_word' id='word_1_88' title='bbox 741 1768 854 1833; x_wconf 79' lang='lat' dir='ltr'>vel</span> <span class='ocrx_word' id='word_1_89' title='bbox 893 1771 962 1834; x_wconf 84' lang='lat' dir='ltr'>vi</span> <span class='ocrx_word' id='word_1_90' title='bbox 1001 1769 1238 1855; x_wconf 88' lang='lat' dir='ltr'>aliquid</span> <span class='ocrx_word' id='word_1_91' title='bbox 1277 1769 1461 1836; x_wconf 87' lang='lat' dir='ltr'>alteri</span> <span class='ocrx_word' id='word_1_92' title='bbox 1501 1770 1842 1834; x_wconf 85' lang='lat' dir='ltr'>ademisset</span> <span class='ocrx_word' id='word_1_93' title='bbox 1879 1774 2023 1833; x_wconf 91' lang='lat' dir='ltr'>ante</span> <span class='ocrx_word' id='word_1_94' title='bbox 2064 1768 2600 1833; x_wconf 87' lang='lat' dir='ltr'>adiudicationem</span> <span class='ocrx_word' id='word_1_95' title='bbox 2618 1816 2634 1846; x_wconf 90' lang='lat'>‚</span> 
     </span>
    </p>
   </div>
   <div class='ocr_carea' id='block_1_4' title="bbox 211 1874 2641 2068">
    <p class='ocr_par' dir='ltr' id='par_1_4' title="bbox 211 1874 2641 2068">
     <span class='ocr_line' id='line_1_13' title="bbox 211 1874 2641 1962; baseline 0 -23"><span class='ocrx_word' id='word_1_96' title='bbox 211 1876 661 1941; x_wconf 83' lang='lat' dir='ltr'>manifestum</span> <span class='ocrx_word' id='word_1_97' title='bbox 727 1880 828 1940; x_wconf 85' lang='lat' dir='ltr'>est</span> <span class='ocrx_word' id='word_1_98' title='bbox 891 1896 967 1939; x_wconf 85' lang='lat' dir='ltr'>ex</span> <span class='ocrx_word' id='word_1_99' title='bbox 1012 1878 1399 1942; x_wconf 85' lang='lat' dir='ltr'>orationibus</span> <span class='ocrx_word' id='word_1_100' title='bbox 1447 1875 1617 1961; x_wconf 90' lang='lat' dir='ltr'>apud</span> <span class='ocrx_word' id='word_1_101' title='bbox 1666 1876 1969 1962; x_wconf 83' lang='lat' dir='ltr'>Lysiam,</span> <span class='ocrx_word' id='word_1_102' title='bbox 2020 1874 2364 1942; x_wconf 83' lang='lat' dir='ltr'>Isocratem</span> <span class='ocrx_word' id='word_1_103' title='bbox 2411 1881 2477 1940; x_wconf 90' lang='lat' dir='ltr'>et</span> <span class='ocrx_word' id='word_1_104' title='bbox 2522 1874 2641 1940; x_wconf 91' lang='lat' dir='ltr'>De-</span> 
     </span>
     <span class='ocr_line' id='line_1_14' title="bbox 214 1981 1371 2068; baseline 0.003 -24"><span class='ocrx_word' id='word_1_105' title='bbox 214 1983 649 2047; x_wconf 82' lang='lat' dir='ltr'>mosthenem</span> <span class='ocrx_word' id='word_1_106' title='bbox 697 1982 823 2046; x_wconf 89' lang='lat' dir='ltr'>hac</span> <span class='ocrx_word' id='word_1_107' title='bbox 869 1981 945 2046; x_wconf 88' lang='lat' dir='ltr'>de</span> <span class='ocrx_word' id='word_1_108' title='bbox 990 2003 1054 2047; x_wconf 89' lang='lat' dir='ltr'>re</span> <span class='ocrx_word' id='word_1_109' title='bbox 1101 1985 1371 2068; x_wconf 86' lang='lat' dir='ltr'>scriptis.</span> 
     </span>
    </p>
   </div>
   <div class='ocr_carea' id='block_1_5' title="bbox 223 2164 643 2174">
    <p class='ocr_par' dir='ltr' id='par_1_5' title="bbox 223 2164 643 2174">
     <span class='ocr_line' id='line_1_15' title="bbox 223 2164 643 2174; baseline 0 0"><span class='ocrx_word' id='word_1_110' title='bbox 223 2164 643 2174; x_wconf 95' lang='lat' dir='ltr'> </span> 
     </span>
    </p>
   </div>
   <div class='ocr_carea' id='block_1_6' title="bbox 299 2268 823 2337">
    <p class='ocr_par' dir='ltr' id='par_1_6' title="bbox 299 2268 823 2337">
     <span class='ocr_line' id='line_1_16' title="bbox 299 2268 823 2337; baseline -0.002 -16"><span class='ocrx_word' id='word_1_111' title='bbox 299 2274 352 2333; x_wconf 91' lang='lat'>1)</span> <span class='ocrx_word' id='word_1_112' title='bbox 390 2274 456 2322; x_wconf 74' lang='lat' dir='ltr'>cf.</span> <span class='ocrx_word' id='word_1_113' title='bbox 490 2272 616 2337; x_wconf 67' lang='lat' dir='ltr'><strong>Lyn.</strong></span> <span class='ocrx_word' id='word_1_114' title='bbox 650 2268 740 2319; x_wconf 80' lang='lat' dir='ltr'>IV.</span> <span class='ocrx_word' id='word_1_115' title='bbox 778 2270 823 2320; x_wconf 92' lang='lat'>1.</span> 
     </span>
    </p>
   </div>
   <div class='ocr_carea' id='block_1_7' title="bbox 233 2347 2642 2497">
    <p class='ocr_par' dir='ltr' id='par_1_7' title="bbox 233 2347 2642 2497">
     <span class='ocr_line' id='line_1_17' title="bbox 299 2347 2642 2416; baseline -0 -14"><span class='ocrx_word' id='word_1_116' title='bbox 299 2354 356 2415; x_wconf 78' lang='lat'>2)</span> <span class='ocrx_word' id='word_1_117' title='bbox 391 2355 579 2416; x_wconf 68' lang='lat' dir='ltr'>(Dein.)</span> <span class='ocrx_word' id='word_1_118' title='bbox 614 2352 778 2402; x_wconf 80' lang='lat' dir='ltr'>XLII.</span> <span class='ocrx_word' id='word_1_119' title='bbox 819 2351 905 2401; x_wconf 75' lang='lat'>18:</span> <span class='ocrx_word' id='word_1_120' title='bbox 941 2349 1194 2415; x_wconf 74' lang='grc' dir='ltr'><strong><em>ἀποφαίνω</em></strong></span> <span class='ocrx_word' id='word_1_121' title='bbox 1231 2351 1323 2410; x_wconf 74' lang='grc' dir='ltr'>τὴν</span> <span class='ocrx_word' id='word_1_122' title='bbox 1359 2352 1532 2400; x_wconf 69' lang='grc' dir='ltr'><strong><em>οῦσιαν</em></strong></span> <span class='ocrx_word' id='word_1_123' title='bbox 1566 2350 1659 2408; x_wconf 72' lang='grc' dir='ltr'>τὴν</span> <span class='ocrx_word' id='word_1_124' title='bbox 1696 2347 1922 2413; x_wconf 71' lang='grc' dir='ltr'><strong><em>ἐμαυτοῦ</em></strong></span> <span class='ocrx_word' id='word_1_125' title='bbox 1956 2351 2095 2413; x_wconf 79' lang='grc' dir='ltr'><strong><em>ὀρθῶς</em></strong></span> <span class='ocrx_word' id='word_1_126' title='bbox 2132 2351 2218 2401; x_wconf 70' lang='grc' dir='ltr'>καὶ</span> <span class='ocrx_word' id='word_1_127' title='bbox 2251 2349 2476 2411; x_wconf 75' lang='grc' dir='ltr'>δικαίως,</span> <span class='ocrx_word' id='word_1_128' title='bbox 2510 2352 2642 2410; x_wconf 74' lang='grc' dir='ltr'><strong><em>πλὴν</em></strong></span> 
     </span>
     <span class='ocr_line' id='line_1_18' title="bbox 233 2431 2227 2497; baseline 0 -14"><span class='ocrx_word' id='word_1_129' title='bbox 233 2439 339 2484; x_wconf 66' lang='grc' dir='ltr'>τᾶν</span> <span class='ocrx_word' id='word_1_130' title='bbox 376 2432 428 2485; x_wconf 72' lang='grc' dir='ltr'>ἰν</span> <span class='ocrx_word' id='word_1_131' title='bbox 462 2437 580 2493; x_wconf 77' lang='grc' dir='ltr'>τοῖς</span> <span class='ocrx_word' id='word_1_132' title='bbox 615 2432 785 2497; x_wconf 66' lang='grc' dir='ltr'><strong><em>’ἔργοις</em></strong></span> <span class='ocrx_word' id='word_1_133' title='bbox 819 2434 927 2491; x_wconf 77' lang='grc' dir='ltr'><strong><em>τοῖς</em></strong></span> <span class='ocrx_word' id='word_1_134' title='bbox 960 2431 1255 2497; x_wconf 72' lang='grc' dir='ltr'>ἀργυρείοις,</span> <span class='ocrx_word' id='word_1_135' title='bbox 1293 2432 1390 2483; x_wconf 73' lang='grc' dir='ltr'>ὅσα</span> <span class='ocrx_word' id='word_1_136' title='bbox 1425 2433 1477 2482; x_wconf 73' lang='grc' dir='ltr'>οἱ</span> <span class='ocrx_word' id='word_1_137' title='bbox 1506 2435 1644 2493; x_wconf 80' lang='grc' dir='ltr'><strong><em>νόμοι</em></strong></span> <span class='ocrx_word' id='word_1_138' title='bbox 1683 2432 1847 2489; x_wconf 72' lang='grc' dir='ltr'><strong><em>ἀτελῆ</em></strong></span> <span class='ocrx_word' id='word_1_139' title='bbox 1885 2431 2227 2492; x_wconf 72' lang='grc' dir='ltr'><strong><em>πεποιήκασιν.</em></strong></span> 
     </span>
    </p>
   </div>
  </div>
 </body>
</html>
