3350 5417
502 1007 566 1055 63

1749 598 1836 663 44

599 782 944 862 λὴψεσθαι;
1011 777 1086 845 ὧν
1137 781 1200 847 τί
1246 778 1405 857 ἥδιόν
1453 782 1618 845 ἐστιν
1664 780 1983 861 ἀνθρώπῳ,
2036 780 2069 855 ἡ
2118 785 2226 847 τοῦ
2273 778 2423 847 ἕνεκ’
2474 781 2552 847 ἂν
2597 808 2690 855 τις
2732 781 2984 860 εὔξαιτο

602 889 826 955 τούτων
875 887 1176 965 στερηθεὶς
1225 885 1365 967 ζὴν;

693 993 992 1060 Τοιούτων
1063 992 1257 1058 τοίνυν
1317 1015 1419 1068 μοι
1481 990 1971 1068 συμβεβηκότων
2034 993 2154 1057 τῶν
2218 992 2649 1074 πραγμάτων,
2720 996 2786 1059 οὐ
2848 995 2987 1076 περὶ

601 1100 871 1172 πλείονος
921 1097 1302 1176 ἐποιησάμην
1351 1098 1437 1163 τοὶ
1486 1098 1761 1175 ἐμαυτοῦ
1802 1094 1928 1162 ἴδια
1971 1099 2003 1173 ἡ
2046 1098 2129 1162 τοὶ
2174 1099 2478 1179 ὑμέτερα,
2518 1100 2665 1165 ἀλλ’
2710 1100 2991 1179 ἡγούμην

604 1208 721 1273 δεῖν
761 1206 865 1271 καὶ
906 1204 1247 1287 χρημάτων
1287 1202 1780 1279 ἀναλισκομένων
1822 1203 2109 1284 κρείττων
2155 1198 2309 1287 εἶναι
2354 1205 2456 1269 καὶ
2498 1210 2619 1271 τῶν
2659 1203 2800 1272 οἴκοι
2837 1207 2993 1286 οἱμε-

604 1313 907 1390 λουμένων
953 1312 1056 1377 καὶ
1107 1309 1395 1390 γυναικὸς
1447 1310 1550 1374 καὶ
1601 1310 1823 1389 μητρὸς
1871 1310 2187 1389 νοσούσης,
2240 1308 2396 1376 ὥστε
2443 1314 2607 1389 μήτε
2651 1315 2762 1388 τὴν
2809 1310 2992 1389 τάξιν

603 1418 1016 1485 αἰτιάσασθαί
1077 1416 1159 1494 μέ
1220 1440 1358 1481 τινα
1423 1422 1628 1479 λιπεῖν
1692 1417 1854 1495 μήτε
1909 1417 2019 1491 την
2067 1416 2267 1494 τριήρη
2318 1426 2396 1501 τῇ
2448 1417 2624 1483 πόλει
2672 1415 2989 1498 ἄχρηστον
3024 1427 3175 1477 1226

508 1530 573 1578 64·
606 1523 913 1603 γενέσθαι.
986 1522 1119 1587 ἄνθ’
1192 1519 1267 1586 ὧν
1331 1520 1625 1587 ἁπάντων
1690 1525 1791 1586 νῦν
1853 1523 2019 1598 ὑμῶν
2081 1522 2332 1601 δέομαι,
2398 1520 2597 1603 ὥσπερ
2661 1525 2783 1603 ἐγὼ
2849 1527 2995 1604 ὑμῖν

606 1631 904 1698 εὔτακτον
972 1629 1075 1694 καὶ
1144 1629 1448 1709 χρήσιμον
1512 1628 1783 1705 ἐμαυτὸν
1844 1629 2197 1711 παρέσχον,
2261 1626 2413 1696 οὕτω
2477 1632 2581 1696 καὶ
2648 1633 2818 1709 ὑμᾶς.
2873 1632 2993 1697 νυνὶ

606 1737 741 1818 περὶ
809 1737 955 1814 ἐμοῦ
1010 1733 1288 1815 πρόνοιαν
1335 1734 1813 1813 ποιησαμένους,
1867 1735 1973 1800 καὶ
2023 1735 2526 1812 ἀναμνησθέντας
2576 1737 2871 1802 ἁπάντων
2921 1735 3000 1803 ὦν

607 1867 679 1908 τε
740 1841 1135 1922 διηγησάμην
1187 1843 1327 1921 πρὸς
1378 1842 1580 1925 ὑμᾶς,
1630 1847 1746 1907 τῶν
1794 1845 1863 1907 τε
1912 1844 2251 1923 μαρτυριῶν
2301 1839 2379 1907 ὦν
2429 1843 2838 1924 παρεσχόμην
2888 1845 2995 1911 καὶ

677 2075 783 2136 §63
819 2072 1209 2135 συμβεβηκότων
1244 2071 1367 2136 τῶν]
1405 2076 1502 2120 τῶν
1538 2088 1633 2120 om.
1671 2070 1721 2120 S.
1741 2067 2181 2135 -αἷτιάσασθαι]
2217 2068 2477 2119 αἰτιᾶσθαι
2514 2071 2561 2120 S.
2586 2099 2649 2110 -

678 2157 784 2218 §64
819 2158 896 2203 νῦν
933 2172 1030 2204 om.
1063 2151 1564 2217 Α.-διηγησάμην]
1606 2150 1941 2215 διηγησαίμην
1977 2152 2111 2201 S.—

614 2343 798 2410 εἶχον
897 2344 1114 2410 ζῶσαν
1212 2342 1762 2409 καταλήψεσθαι]
1842 2345 2087 2394 addendos
2115 2351 2260 2408 putat
2285 2351 2397 2411 post
2423 2346 2583 2408 χρόνῳ
2613 2346 2662 2394 in
2694 2345 3008 2407 media565.

613 2428 773 2493 ἓλπίζ
774 2446 809 2477 ω
846 2434 895 2477 et
931 2424 1142 2484 ἐλπίδας
1177 2425 1287 2488 ’έχω
1323 2428 1454 2491 apud
1483 2427 1767 2476 Demosthe·

1912 2427 1987 2477 cf.
2016 2443 2158 2492 porro
2190 2427 2495 2477 Volkmann²
2528 2443 2608 2492 pg.
2629 2428 2726 2477 262
2745 2444 2869 2492 sqq„
2886 2429 3008 2493 Sigg

612 2528 724 2560 nem
758 2527 944 2575 semper
978 2510 1244 2573 iunguntur
1276 2525 1318 2558 c.
1353 2509 1449 2558 Inf.
1489 2509 1663 2558 Futuri
1704 2510 1766 2559 cf.
1842 2525 1921 2574 pg.
1960 2510 2055 2558 415
2075 2527 2146 2574 sq.

616 2592 818 2643 XXVII.
856 2593 912 2641 22
947 2593 1145 2648 πολλὰς
1181 2588 1393 2648 ἐλπίδας
1426 2589 1537 2653 ’έχω
1567 2588 1770 2655 τεύξεσ-

617 2675 722 2732 θαι,
768 2675 897 2723 ΧΧΙ.
943 2676 1003 2722 4:
1054 2670 1250 2737 ἐλπίζω
1296 2673 1356 2720 τὸ
1409 2671 1593 2721 δίκαιον
1625 2671 1769 2737 ἕξειν,

616 2758 700 2806 IV.
750 2758 828 2816 50,
875 2756 1005 2805 XIX.
1057 2756 1168 2804 102.
1216 2751 1362 2812 ἐλπίς
1409 2752 1563 2817 (ἐστι)
1600 2760 1769 2803 contra

615 2840 901 2905 plerumque
954 2838 1172 2901 iungitur
1216 2853 1256 2887 c.
1303 2837 1398 2886 Inf.
1448 2837 1658 2897 Aoristi,
1708 2838 1768 2886 cf.

618 2922 703 2973 IV.
754 2922 808 2970 2:
856 2917 911 2968 οὗ
960 2918 1005 2967 δ’
1041 2919 1101 2968 ἂν
1136 2915 1282 2975 ἐλπὶς
1318 2915 1372 2975 ἦν
1406 2918 1543 2967 αὐτὰ
1581 2919 1770 2980 βελτίω

618 3002 876 3066 γενέσθαι,
905 3002 1048 3050 modo
1067 3001 1194 3049 LIX.
1217 2999 1276 3051 57
1297 3001 1393 3050 Inf.
1412 3000 1510 3051 Fut
1526 3002 1769 3066 sequitur:

620 3085 701 3135 καὶ
747 3083 803 3133 οὗ
852 3083 1017 3140 πολλὴ
1069 3080 1216 3140 ἐλπὶς
1262 3080 1335 3138 ἐίη
1381 3081 1536 3132 αὐτὸν
1581 3099 1775 3145 περιγε-

620 3166 868 3224 νήσεσθαι.
904 3167 964 3214 cf.
1000 3165 1228 3214 Karlowa
1264 3166 1505 3229 (Bemerk.
1530 3183 1772 3232 program.

621 3251 794 3314 Gymn.
835 3249 1010 3310 Pless.)
1042 3264 1121 3313 pg.
1160 3248 1239 3297 20.

689 3332 805 3393 §63
851 3329 1033 3393 Incipit
1075 3329 1339 3394 Epilogus,
1383 3330 1484 3379 sive
1527 3330 1773 3380 conclusio

621 3413 741 3476 (Cic.
792 3414 852 3461 de
902 3413 1008 3461 Inv.
1061 3412 1102 3461 I.
1156 3410 1233 3461 52.
1281 3412 1396 3473 98.),
1447 3413 1568 3461 haec
1618 3412 1775 3461 divisa

623 3502 696 3545 est
743 3495 794 3544 in
847 3495 969 3543 duas
1020 3498 1209 3558 partes,
1263 3494 1674 3543 enumerationem
1727 3501 1777 3544 et

623 3576 1077 3643 amplificationem,
1108 3575 1208 3625 Cic.
1239 3575 1358 3640 Top.
1391 3577 1471 3626 26.
1500 3578 1589 3626 98:
1612 3594 1777 3642 „pero-

622 3661 747 3710 ratio
797 3667 961 3709 autem
1010 3665 1059 3708 et
1106 3658 1207 3707 alia
1254 3658 1492 3722 quaedam
1536 3659 1688 3708 habet
1728 3664 1777 3707 et

623 3743 834 3792 maxime
885 3740 1339 3806 amplificationem,
1391 3741 1527 3789 cuius
1579 3742 1776 3789 effectus

623 3826 704 3875 hic
769 3826 912 3882 debet
981 3840 1111 3882 esse,
1177 3828 1233 3871 ut
1296 3828 1382 3871 aut
1433 3824 1778 3887 perturbentur

625 3908 777 3957 animi
823 3912 909 3957 aut
954 3904 1350 3970 tranquillentur,
1399 3911 1448 3954 et
1494 3906 1536 3953 si
1571 3906 1643 3955 ita
1679 3905 1777 3954 iam

626 3990 786 4039 affecti
821 3994 933 4038 ante
968 3989 1093 4046 sint,
1123 3993 1178 4036 ut
1213 3993 1390 4051 augeat
1416 4003 1585 4037 eorum
1616 3992 1777 4036 motus

627 4078 713 4121 aut
741 4072 876 4121 sedet
903 4070 1109 4119 oratio.’'
1158 4069 1450 4118 Summatim
1484 4069 1779 4134 recapitulat

627 4161 789 4204 orator
824 4152 988 4202 omnia
1040 4168 1162 4217 quae
1216 4169 1362 4217 supra
1398 4151 1521 4201 dixit
1556 4157 1605 4201 et
1643 4151 1781 4200 addit

628 4253 749 4301 quae
767 4236 941 4284 idonea
970 4240 1084 4283 sunt
1113 4234 1174 4283 ad
1192 4234 1574 4298 perturbandum
1593 4234 1780 4283 animos

627 4319 870 4378 iudicum,
916 4317 1114 4382 perinde
1164 4333 1222 4365 ac
1264 4316 1316 4365 in
1352 4316 1548 4365 exordio
1566 4355 1579 4375 ,
1615 4322 1781 4365 monet

628 4419 708 4452 eos
761 4407 816 4450 ut
860 4416 957 4449 non
991 4400 1153 4449 minus
1188 4416 1217 4447 a
1253 4398 1452 4464 Polycle
1487 4415 1667 4463 poenas
1703 4415 1781 4463 pe-

626 4490 736 4534 tant
768 4500 853 4548 pro
890 4499 940 4531 se
974 4498 1121 4547 quam
1154 4481 1217 4530 iis
1253 4481 1400 4546 ipsis,
1434 4487 1580 4545 atque
1614 4497 1783 4530 consu-

626 4567 736 4616 lant
764 4564 968 4630 posteris
991 4563 1285 4613 trierarchis.
1304 4563 1556 4613 Promittit
1572 4563 1781 4612 scribam

628 4650 786 4713 legem
800 4653 848 4697 et
859 4646 1099 4696 rationem
1111 4647 1429 4696 recitaturum
1444 4663 1562 4706 esse,
1576 4662 1780 4711 quorum

629 4731 766 4782 tituli
798 4736 962 4780 tamen
999 4736 1113 4780 sunt
1147 4729 1331 4789 omissi,
1363 4731 1445 4779 sed
1465 4746 1584 4794 quos
1602 4729 1779 4779 Reiske

1913 2589 2204 2641 Orationum
2240 2609 2363 2656 quae
2397 2592 2679 2642 tribuuntur
2696 2592 3008 2657 Apollodoro

1848 2674 1981 2723 solae
2011 2679 2178 2723 nostra
2208 2680 2257 2724 et
2287 2675 2443 2724 oratio
2465 2673 2647 2723 XLVII
2662 2673 2904 2736 (78-82)
2924 2675 3012 2723 ha-

1848 2757 1965 2804 bent
1987 2756 2345 2820 perorationem
2356 2756 2597 2821 integram
2611 2795 2624 2816 ‚
2641 2757 2812 2806 ceteris
2829 2773 3008 2821 nempe

1850 2854 1943 2888 orr.
1962 2838 2134 2899 XLVI,
2151 2838 2322 2897 XLIX,
2340 2838 2450 2898 LII,
2467 2838 2605 2898 LIII,
2623 2839 2750 2898 LIX,
2770 2845 2886 2887 sunt
2898 2839 3007 2888 viti·

1850 2937 1962 2970 osae
2006 2937 2093 2970 nec
2140 2921 2357 2970 animum
2389 2926 2638 2971 moventes
2667 2922 2731 2970 cf.
2764 2921 2879 2985 Sigg
2914 2921 2952 2970 l.
2971 2921 3010 2971 1.

1918 3001 2209 3065 ἡγούμην
2242 2989 2781 3065 δεῖν-κρείττων
2812 2999 3009 3069 εἶναι]

1851 3085 2119 3134 iudicabam
2154 3102 2225 3134 me
2250 3090 2297 3134 et
2326 3086 2516 3135 iactura
2534 3086 2771 3150 peeuniae
2781 3091 3009 3149 eroyatae

1852 3171 1900 3216 et
1935 3183 1988 3217 re
2010 3168 2265 3231 familiari
2298 3169 2515 3233 neyleeta
2548 3172 2595 3217 et
2623 3169 2787 3218 uxoris
2816 3169 3009 3217 matris-

1853 3265 1943 3312 que
1975 3250 2128 3298 morbo
2160 3266 2253 3299 non
2276 3250 2458 3314 franyi
2493 3255 2723 3314 oportere.
2757 3251 2832 3300 De
2864 3251 2910 3299 N
2912 3267 3014 3301 om-

1853 3331 2038 3380 mativo
2107 3348 2147 3380 c.
2206 3331 2303 3381 Inf.
2357 3338 2469 3397 post
2519 3330 2741 3394 ἡγούμην
2794 3330 2893 3381 δεῖν
2943 3336 3008 3384 cf.

1855 3413 2055 3462 Kiihner
2087 3414 2340 3476 (Gramm.)
2373 3414 2455 3462 Πι
2496 3415 2526 3463 2
2561 3430 2642 3479 pg.
2679 3431 2759 3479 pg.
2796 3414 2911 3467 597.
2929 3416 2975 3464 3.

1923 3493 2091 3556 μήτε
2143 3494 2257 3551 τὴν
2319 3493 2543 3556 τριήρη
2594 3499 2669 3560 τῇ
2723 3499 2909 3546 πόλει
2962 3496 3019 3547 ἅ-

1856 3593 2146 3638 χρηστον
2182 3575 2521 3643 γενέσθαι]
2555 3595 2616 3627 ne
2646 3579 2753 3643 quis
2782 3579 2827 3627 ei
2845 3596 3017 3644 expro-

1857 3659 2018 3707 braret
2054 3675 2177 3723 quae
2195 3658 2297 3723 ipse
2315 3659 2503 3724 Polycli
2524 3661 2715 3710 crimini
2732 3662 2867 3711 dedit
2885 3666 2907 3723 §
2931 3664 3013 3712 58.

1923 3741 2030 3801 §64
2065 3738 2416 3805 εὔτακτον]
2446 3742 2579 3792 dieto
2611 3743 2899 3803 audientem,
2917 3746 3016 3808 offi—

1857 3821 1980 3871 cium
1996 3827 2331 3886 exsequentem,
2345 3822 2468 3872 alibi
2487 3825 2617 3889 apud
2634 3825 3013 3875 Demosthenem

1856 3919 1953 3952 non
2000 3904 2271 3964 invenitur,
2321 3905 2470 3955 etiam
2504 3908 2615 3957 adV.
2650 3905 3014 3968 εὐτακτότερον

1858 3986 2069 4037 occurrit
2114 3987 2257 4038 XLV.
2309 3986 2389 4039 77.
2438 3989 2582 4054 Apud
2626 3989 2883 4038 historicos
2932 3990 3015 4038 ad-

1858 4068 2056 4117 modum
2103 4071 2326 4135 frequens
2372 4088 2560 4136 semper
2607 4072 2665 4121 de
2710 4088 2760 4120 re
2803 4071 3014 4121 militari

1861 4157 2122 4215 usurpatur
2170 4154 2230 4203 cf.
2278 4153 2430 4203 Thuc.
2470 4154 2539 4203 11.
2577 4153 2657 4203 89.
2676 4154 2733 4202 9:
2771 4150 3011 4201 εὔτακτοι

1858 4234 1992 4294 παρὰ
2041 4235 2159 4292 ταῖς
2206 4234 2353 4283 ναυσὶ
2399 4234 2658 4297 μένοντες,
2697 4234 2810 4284 VII.
2852 4233 2933 4286 77.
2954 4236 2981 4282 5
2998 4256 3011 4283 ι

1860 4316 2054 4375 πόρειαν
2077 4316 2286 4378 ἀσφαλῆ
2317 4317 2399 4366 καὶ
2431 4315 2692 4367 εὔτακτον.
2711 4318 2832 4366 Χοιι.
2851 4317 3010 4367 Anab.

1858 4396 1927 4446 H.
1975 4398 2021 4445 6.
2062 4399 2140 4457 14,
2177 4397 2260 4448 vl.
2298 4400 2345 4448 6.
2383 4400 2461 4449 35.
2502 4400 2676 4465 Cyrop.
2713 4399 2809 4448 III.
2846 4400 2892 4448 3.
2931 4398 3012 4450 57.

1861 4479 2048 4529 Comm.
2095 4480 2191 4529 ΙΙΙ.
2241 4483 2285 4530 5.
2332 4483 2388 4530 5ι
2425 4481 2451 4529 δ
2486 4478 2541 4529 δὲ
2575 4483 2728 4543 φόβος
2752 4508 2813 4519 -
2836 4478 3015 4529 εὔτακ-

1860 4559 2093 4623 τοτέρους
2128 4564 2258 4611 ποιεῖ
2288 4565 2350 4612 cf.
2378 4580 2522 4628 porro
2555 4563 2781 4613 Aeschin.
2806 4563 2878 4612 ΙΙ.
2897 4564 3012 4613 102.

1927 4645 2234 4706 πρόνοιαν
2280 4644 2686 4707 ποιησαμένο
2707 4646 2799 4710 υς]
2846 4646 2911 4695 cf.
2948 4647 3013 4695 ad

1862 4732 1884 4791 ς
1905 4728 1934 4776 9
1972 4729 2215 4790 πρόφασιν
2252 4727 2600 4789 ποιησάμενος.
