<?xml version="1.0" encoding="UTF-8"?>
<!DOCTYPE html PUBLIC "-//W3C//DTD XHTML 1.0 Transitional//EN"
    "http://www.w3.org/TR/xhtml1/DTD/xhtml1-transitional.dtd">
<html xmlns="http://www.w3.org/1999/xhtml" xml:lang="en" lang="en">
 <head>
  <title>
</title>
<meta http-equiv="Content-Type" content="text/html;charset=utf-8" />
  <meta name='ocr-system' content='tesseract 3.04.00' />
  <meta name='ocr-capabilities' content='ocr_page ocr_carea ocr_par ocr_line ocrx_word'/>
</head>
<body>
  <div class='ocr_page' id='page_1' title='image "./quaeferturorati00haargoog_0067.png"; bbox 0 0 3350 5417; ppageno 0'>
   <div class='ocr_carea' id='block_1_1' title="bbox 0 0 82 571">
    <p class='ocr_par' dir='ltr' id='par_1_1' title="bbox 0 0 82 571">
     <span class='ocr_line' id='line_1_1' title="bbox 0 0 82 571; baseline 0 0"><span class='ocrx_word' id='word_1_1' title='bbox 0 0 82 571; x_wconf 71' lang='grc' dir='ltr'><strong>ι’</strong></span> 
     </span>
    </p>
   </div>
   <div class='ocr_carea' id='block_1_2' title="bbox 1523 553 1608 621">
    <p class='ocr_par' dir='ltr' id='par_1_2' title="bbox 1523 553 1608 621">
     <span class='ocr_line' id='line_1_2' title="bbox 1523 553 1608 621; baseline 0.024 -2"><span class='ocrx_word' id='word_1_2' title='bbox 1523 553 1608 621; x_wconf 84' lang='grc'><strong>37</strong></span> 
     </span>
    </p>
   </div>
   <div class='ocr_carea' id='block_1_3' title="bbox 230 735 2762 1777">
    <p class='ocr_par' dir='ltr' id='par_1_3' title="bbox 230 735 2762 1777">
     <span class='ocr_line' id='line_1_3' title="bbox 352 735 2762 816; baseline -0.001 -14"><span class='ocrx_word' id='word_1_3' title='bbox 352 741 472 804; x_wconf 75' lang='grc' dir='ltr'><strong>τὸν</strong></span> <span class='ocrx_word' id='word_1_4' title='bbox 538 738 638 803; x_wconf 77' lang='grc' dir='ltr'><strong>ἐπὶ</strong></span> <span class='ocrx_word' id='word_1_5' title='bbox 700 737 1091 810; x_wconf 68' lang='grc' dir='ltr'><strong>Μακεδονίας</strong></span> <span class='ocrx_word' id='word_1_6' title='bbox 1149 741 1342 803; x_wconf 79' lang='grc' dir='ltr'><strong><em>πλοῦν</em></strong></span> <span class='ocrx_word' id='word_1_7' title='bbox 1389 745 1591 804; x_wconf 78' lang='grc' dir='ltr'><strong><em>πλεῖν.</em></strong></span> <span class='ocrx_word' id='word_1_8' title='bbox 1642 736 1849 812; x_wconf 70' lang='grc' dir='ltr'><strong><em>ἐπειδὴ</em></strong></span> <span class='ocrx_word' id='word_1_9' title='bbox 1898 736 1948 801; x_wconf 80' lang='grc' dir='ltr'><strong>δ’</strong></span> <span class='ocrx_word' id='word_1_10' title='bbox 1997 735 2358 814; x_wconf 73' lang='grc' dir='ltr'><strong><em>ἀφικόμεθα</em></strong></span> <span class='ocrx_word' id='word_1_11' title='bbox 2409 737 2494 809; x_wconf 79' lang='grc' dir='ltr'><strong>εἷς</strong></span> <span class='ocrx_word' id='word_1_12' title='bbox 2541 736 2762 816; x_wconf 78' lang='grc' dir='ltr'><strong><em>χωρίον</em></strong></span> 
     </span>
     <span class='ocr_line' id='line_1_4' title="bbox 356 841 2760 928; baseline -0 -20"><span class='ocrx_word' id='word_1_13' title='bbox 356 867 426 908; x_wconf 75' lang='grc' dir='ltr'><strong>τι</strong></span> <span class='ocrx_word' id='word_1_14' title='bbox 475 845 540 908; x_wconf 79' lang='grc' dir='ltr'><strong><em>ἑν</em></strong></span> <span class='ocrx_word' id='word_1_15' title='bbox 582 854 660 926; x_wconf 70' lang='grc' dir='ltr'><strong>τῦ</strong></span> <span class='ocrx_word' id='word_1_16' title='bbox 698 843 1043 925; x_wconf 69' lang='grc' dir='ltr'><strong><em>ἀπαντικρὺ</em></strong></span> <span class='ocrx_word' id='word_1_17' title='bbox 1086 844 1339 928; x_wconf 74' lang='grc' dir='ltr'><strong><em>ἠπείρῳ,</em></strong></span> <span class='ocrx_word' id='word_1_18' title='bbox 1385 846 1632 909; x_wconf 77' lang='grc' dir='ltr'><strong><em>Θασίων</em></strong></span> <span class='ocrx_word' id='word_1_19' title='bbox 1672 843 1988 923; x_wconf 77' lang='grc' dir='ltr'><strong><em>ἐμπόριον,</em></strong></span> <span class='ocrx_word' id='word_1_20' title='bbox 2037 843 2140 908; x_wconf 77' lang='grc' dir='ltr'><strong>καὶ</strong></span> <span class='ocrx_word' id='word_1_21' title='bbox 2186 841 2490 921; x_wconf 70' lang='grc' dir='ltr'><strong><em>ἐκβάντες</em></strong></span> <span class='ocrx_word' id='word_1_22' title='bbox 2533 845 2760 924; x_wconf 78' lang='grc' dir='ltr'><strong><em>ἠριστο-</em></strong></span> 
     </span>
     <span class='ocr_line' id='line_1_5' title="bbox 358 947 2754 1035; baseline -0.001 -20"><span class='ocrx_word' id='word_1_23' title='bbox 358 949 738 1035; x_wconf 72' lang='grc' dir='ltr'><strong>ποιούμεθα,</strong></span> <span class='ocrx_word' id='word_1_24' title='bbox 803 948 1217 1032; x_wconf 73' lang='grc' dir='ltr'><strong><em>προσέρχεταί</em></strong></span> <span class='ocrx_word' id='word_1_25' title='bbox 1274 973 1377 1027; x_wconf 79' lang='grc' dir='ltr'><strong>μοι</strong></span> <span class='ocrx_word' id='word_1_26' title='bbox 1440 955 1559 1014; x_wconf 78' lang='grc' dir='ltr'><strong><em>τῶν</em></strong></span> <span class='ocrx_word' id='word_1_27' title='bbox 1619 954 1856 1014; x_wconf 81' lang='grc' dir='ltr'><strong><em>ναυτῶν</em></strong></span> <span class='ocrx_word' id='word_1_28' title='bbox 1921 956 2282 1023; x_wconf 75' lang='grc' dir='ltr'><strong><em>Καλλικλῆς</em></strong></span> <span class='ocrx_word' id='word_1_29' title='bbox 2347 947 2754 1029; x_wconf 80' lang='grc' dir='ltr'><strong><em>Επιτρέφους</em></strong></span> 
     </span>
     <span class='ocr_line' id='line_1_6' title="bbox 362 1052 2754 1136; baseline -0.002 -14"><span class='ocrx_word' id='word_1_30' title='bbox 362 1056 684 1136; x_wconf 72' lang='grc' dir='ltr'><strong><em>Θριάσιος,</em></strong></span> <span class='ocrx_word' id='word_1_31' title='bbox 752 1054 955 1135; x_wconf 72' lang='grc' dir='ltr'><strong><em>λέγων</em></strong></span> <span class='ocrx_word' id='word_1_32' title='bbox 1017 1052 1108 1121; x_wconf 74' lang='grc' dir='ltr'><strong>ὅτι</strong></span> <span class='ocrx_word' id='word_1_33' title='bbox 1171 1054 1462 1135; x_wconf 78' lang='grc' dir='ltr'><strong><em>βούλοιτό</em></strong></span> <span class='ocrx_word' id='word_1_34' title='bbox 1523 1079 1625 1132; x_wconf 90' lang='grc' dir='ltr'><strong>μοι</strong></span> <span class='ocrx_word' id='word_1_35' title='bbox 1688 1056 2094 1136; x_wconf 77' lang='grc' dir='ltr'><strong><em>διαλεχθῆναι</em></strong></span> <span class='ocrx_word' id='word_1_36' title='bbox 2155 1054 2301 1132; x_wconf 79' lang='grc' dir='ltr'><strong><em>ἐμόν</em></strong></span> <span class='ocrx_word' id='word_1_37' title='bbox 2348 1078 2409 1118; x_wconf 83' lang='grc' dir='ltr'><strong>τι</strong></span> <span class='ocrx_word' id='word_1_38' title='bbox 2455 1058 2754 1133; x_wconf 69' lang='grc' dir='ltr'><strong><em>πρᾶγμα.</em></strong></span> 
     </span>
     <span class='ocr_line' id='line_1_7' title="bbox 360 1158 2754 1241; baseline -0.002 -13"><span class='ocrx_word' id='word_1_39' title='bbox 360 1163 772 1235; x_wconf 71' lang='grc' dir='ltr'><strong>κελεύσαντος</strong></span> <span class='ocrx_word' id='word_1_40' title='bbox 835 1162 899 1227; x_wconf 78' lang='grc' dir='ltr'><strong>δέ</strong></span> <span class='ocrx_word' id='word_1_41' title='bbox 944 1186 1102 1241; x_wconf 89' lang='grc' dir='ltr'><strong><em>μου,</em></strong></span> <span class='ocrx_word' id='word_1_42' title='bbox 1148 1160 1328 1241; x_wconf 75' lang='grc' dir='ltr'><strong><em>λέγει</em></strong></span> <span class='ocrx_word' id='word_1_43' title='bbox 1375 1158 1466 1227; x_wconf 76' lang='grc' dir='ltr'><strong>ὅτι</strong></span> <span class='ocrx_word' id='word_1_44' title='bbox 1512 1159 1806 1241; x_wconf 77' lang='grc' dir='ltr'><strong><em>βούλοιτό</em></strong></span> <span class='ocrx_word' id='word_1_45' title='bbox 1850 1185 1954 1239; x_wconf 87' lang='grc' dir='ltr'><strong>μοι</strong></span> <span class='ocrx_word' id='word_1_46' title='bbox 2002 1161 2186 1241; x_wconf 80' lang='grc' dir='ltr'><strong><em>χαριν</em></strong></span> <span class='ocrx_word' id='word_1_47' title='bbox 2234 1160 2569 1226; x_wconf 71' lang='grc' dir='ltr'><strong><em>α’ποδοῢναι</em></strong></span> <span class='ocrx_word' id='word_1_48' title='bbox 2617 1162 2754 1226; x_wconf 80' lang='grc' dir='ltr'><strong><em>καθ’</em></strong></span> 
     </span>
     <span class='ocr_line' id='line_1_8' title="bbox 230 1261 2759 1350; baseline -0.002 -14"><span class='ocrx_word' id='word_1_49' title='bbox 230 1287 323 1336; x_wconf 76' lang='lat'><strong>48</strong></span> <span class='ocrx_word' id='word_1_50' title='bbox 364 1265 406 1332; x_wconf 75' lang='grc' dir='ltr'><em>ὅ</em></span> <span class='ocrx_word' id='word_1_51' title='bbox 444 1293 509 1334; x_wconf 77' lang='grc' dir='ltr'><strong>τι</strong></span> <span class='ocrx_word' id='word_1_52' title='bbox 569 1269 826 1334; x_wconf 70' lang='grc' dir='ltr'><strong><em>δύναται</em></strong></span> <span class='ocrx_word' id='word_1_53' title='bbox 883 1264 961 1333; x_wconf 80' lang='grc' dir='ltr'><strong><em>ὦν</em></strong></span> <span class='ocrx_word' id='word_1_54' title='bbox 1009 1269 1176 1350; x_wconf 76' lang='grc' dir='ltr'><strong><em>αὐτῷ</em></strong></span> <span class='ocrx_word' id='word_1_55' title='bbox 1224 1267 1580 1348; x_wconf 69' lang='grc' dir='ltr'><strong><em>ἀπορηθέντι</em></strong></span> <span class='ocrx_word' id='word_1_56' title='bbox 1636 1264 1856 1334; x_wconf 73' lang='grc' dir='ltr'>ἔδωκα.</span> <span class='ocrx_word' id='word_1_57' title='bbox 1904 1265 1997 1333; x_wconf 82' lang='grc' dir='ltr'><strong>σὺ</strong></span> <span class='ocrx_word' id='word_1_58' title='bbox 2045 1261 2165 1332; x_wconf 82' lang='grc' dir='ltr'><strong><em>οὖν’</em></strong></span> <span class='ocrx_word' id='word_1_59' title='bbox 2216 1264 2337 1348; x_wconf 81' lang='grc' dir='ltr'><strong>ἔφη</strong></span> <span class='ocrx_word' id='word_1_60' title='bbox 2391 1265 2514 1331; x_wconf 76' lang='grc' dir='ltr'><strong><em>’τὸν</em></strong></span> <span class='ocrx_word' id='word_1_61' title='bbox 2564 1271 2759 1333; x_wconf 83' lang='grc' dir='ltr'><strong><em>πλοῦν</em></strong></span> 
     </span>
     <span class='ocr_line' id='line_1_9' title="bbox 358 1372 2759 1455; baseline -0.002 -15"><span class='ocrx_word' id='word_1_62' title='bbox 358 1379 576 1441; x_wconf 79' lang='grc' dir='ltr'><strong><em>τοῦτον</em></strong></span> <span class='ocrx_word' id='word_1_63' title='bbox 620 1372 795 1441; x_wconf 83' lang='grc' dir='ltr'><strong><em>οἶσθα</em></strong></span> <span class='ocrx_word' id='word_1_64' title='bbox 839 1376 944 1455; x_wconf 72' lang='grc' dir='ltr'><strong>ἐφ</strong></span> <span class='ocrx_word' id='word_1_65' title='bbox 991 1373 1028 1440; x_wconf 76' lang='grc' dir='ltr'><em>ὅ</em></span> <span class='ocrx_word' id='word_1_66' title='bbox 1067 1398 1128 1439; x_wconf 79' lang='grc' dir='ltr'><strong>τι</strong></span> <span class='ocrx_word' id='word_1_67' title='bbox 1177 1384 1355 1446; x_wconf 84' lang='grc' dir='ltr'><strong><em>πλεῖς</em></strong></span> <span class='ocrx_word' id='word_1_68' title='bbox 1406 1374 1441 1450; x_wconf 81' lang='grc' dir='ltr'>ἣ</span> <span class='ocrx_word' id='word_1_69' title='bbox 1492 1373 1656 1451; x_wconf 50' lang='lat' dir='ltr'><strong>xor!</strong></span> <span class='ocrx_word' id='word_1_70' title='bbox 1706 1372 2190 1452; x_wconf 68' lang='grc' dir='ltr'><strong><em>ἀποκριναμένου</em></strong></span> <span class='ocrx_word' id='word_1_71' title='bbox 2239 1373 2303 1438; x_wconf 77' lang='grc' dir='ltr'><strong>δέ</strong></span> <span class='ocrx_word' id='word_1_72' title='bbox 2351 1396 2469 1450; x_wconf 84' lang='grc' dir='ltr'><strong>μου</strong></span> <span class='ocrx_word' id='word_1_73' title='bbox 2519 1396 2611 1438; x_wconf 80' lang='grc' dir='ltr'><strong>οτι</strong></span> <span class='ocrx_word' id='word_1_74' title='bbox 2652 1374 2759 1437; x_wconf 80' lang='grc' dir='ltr'><strong>οὐκ</strong></span> 
     </span>
     <span class='ocr_line' id='line_1_10' title="bbox 365 1478 2762 1562; baseline -0.003 -16"><span class='ocrx_word' id='word_1_75' title='bbox 365 1481 617 1558; x_wconf 67' lang='grc' dir='ltr'><strong><em>ειδεΙην,</em></strong></span> <span class='ocrx_word' id='word_1_76' title='bbox 668 1481 840 1546; x_wconf 60' lang='lat' dir='ltr'><strong>‘M</strong></span> <span class='ocrx_word' id='word_1_77' title='bbox 890 1478 1010 1558; x_wconf 73' lang='grc' dir='ltr'><strong>ἐγώ</strong></span> <span class='ocrx_word' id='word_1_78' title='bbox 1056 1482 1166 1546; x_wconf 88' lang='grc' dir='ltr'><strong><em>σοι’</em></strong></span> <span class='ocrx_word' id='word_1_79' title='bbox 1216 1478 1339 1562; x_wconf 81' lang='grc' dir='ltr'><strong>ἔφη</strong></span> <span class='ocrx_word' id='word_1_80' title='bbox 1390 1481 1535 1562; x_wconf 80' lang='grc' dir='ltr'>ἐρῶ.</span> <span class='ocrx_word' id='word_1_81' title='bbox 1585 1480 1682 1545; x_wconf 72' lang='grc' dir='ltr'><strong><em>δεῖ·</em></strong></span> <span class='ocrx_word' id='word_1_82' title='bbox 1725 1479 1850 1560; x_wconf 75' lang='grc' dir='ltr'><strong><em>γαρ</em></strong></span> <span class='ocrx_word' id='word_1_83' title='bbox 1892 1503 1964 1544; x_wconf 89' lang='grc' dir='ltr'><strong><em>σε</em></strong></span> <span class='ocrx_word' id='word_1_84' title='bbox 2006 1478 2364 1544; x_wconf 67' lang='grc' dir='ltr'><strong><em>ἀκούσαντα</em></strong></span> <span class='ocrx_word' id='word_1_85' title='bbox 2408 1479 2581 1557; x_wconf 84' lang='grc' dir='ltr'><strong><em>ορθῶς</em></strong></span> <span class='ocrx_word' id='word_1_86' title='bbox 2621 1478 2762 1554; x_wconf 84' lang='grc' dir='ltr'><strong><em>βου-</em></strong></span> 
     </span>
     <span class='ocr_line' id='line_1_11' title="bbox 365 1581 2756 1668; baseline -0.002 -15"><span class='ocrx_word' id='word_1_87' title='bbox 365 1587 728 1653; x_wconf 80' lang='grc' dir='ltr'><strong><em>λεύσασθαι.</em></strong></span> <span class='ocrx_word' id='word_1_88' title='bbox 790 1587 1048 1663; x_wconf 72' lang='grc' dir='ltr'><strong><em>μέλλεις</em></strong></span> <span class='ocrx_word' id='word_1_89' title='bbox 1114 1587 1259 1668; x_wconf 70' lang='grc' dir='ltr'><strong>γὰρ’</strong></span> <span class='ocrx_word' id='word_1_90' title='bbox 1323 1585 1511 1667; x_wconf 78' lang='grc' dir='ltr'><strong>ἔφη</strong></span> <span class='ocrx_word' id='word_1_91' title='bbox 1516 1584 1698 1666; x_wconf 75' lang='grc' dir='ltr'><strong><em>αγειν</em></strong></span> <span class='ocrx_word' id='word_1_92' title='bbox 1750 1584 1936 1667; x_wconf 78' lang='grc' dir='ltr'><strong><em>ανδρα</em></strong></span> <span class='ocrx_word' id='word_1_93' title='bbox 1983 1583 2292 1667; x_wconf 73' lang='grc' dir='ltr'><strong><em>φυγαδα,</em></strong></span> <span class='ocrx_word' id='word_1_94' title='bbox 2340 1581 2407 1649; x_wconf 83' lang='grc' dir='ltr'><strong>οὗ</strong></span> <span class='ocrx_word' id='word_1_95' title='bbox 2453 1586 2756 1661; x_wconf 86' lang='grc' dir='ltr'><strong><em>Ἀθηναιοι</em></strong></span> 
     </span>
     <span class='ocr_line' id='line_1_12' title="bbox 366 1689 2757 1777; baseline -0.002 -18"><span class='ocrx_word' id='word_1_96' title='bbox 366 1693 628 1760; x_wconf 69' lang='grc' dir='ltr'><strong><em>θάνατον</em></strong></span> <span class='ocrx_word' id='word_1_97' title='bbox 672 1694 762 1766; x_wconf 70' lang='grc' dir='ltr'><strong>δις</strong></span> <span class='ocrx_word' id='word_1_98' title='bbox 811 1693 1368 1777; x_wconf 71' lang='grc' dir='ltr'><strong><em>κατεψηφίσαντο,</em></strong></span> <span class='ocrx_word' id='word_1_99' title='bbox 1439 1696 1912 1773; x_wconf 77' lang='grc' dir='ltr'><strong><em>Καλλίστρατον</em></strong></span> <span class='ocrx_word' id='word_1_100' title='bbox 1961 1691 2032 1756; x_wconf 73' lang='grc' dir='ltr'><strong>ἐκ</strong></span> <span class='ocrx_word' id='word_1_101' title='bbox 2077 1690 2366 1765; x_wconf 80' lang='grc' dir='ltr'><strong><em>Μεθώνης</em></strong></span> <span class='ocrx_word' id='word_1_102' title='bbox 2415 1691 2499 1762; x_wconf 83' lang='grc' dir='ltr'><strong>εις</strong></span> <span class='ocrx_word' id='word_1_103' title='bbox 2551 1689 2757 1756; x_wconf 68' lang='grc' dir='ltr'><strong><em>Θάσον</em></strong></span> 
     </span>
    </p>
   </div>
   <div class='ocr_carea' id='block_1_4' title="bbox 436 1874 1145 1943">
    <p class='ocr_par' dir='ltr' id='par_1_4' title="bbox 436 1874 1145 1943">
     <span class='ocr_line' id='line_1_13' title="bbox 436 1874 1145 1943; baseline -0.004 -17"><span class='ocrx_word' id='word_1_104' title='bbox 436 1874 686 1943; x_wconf 74' lang='grc' dir='ltr'><strong><em>εμποριον]</em></strong></span> <span class='ocrx_word' id='word_1_105' title='bbox 722 1892 977 1938; x_wconf 84' lang='grc' dir='ltr'><strong><em>εμπορειον</em></strong></span> <span class='ocrx_word' id='word_1_106' title='bbox 1010 1874 1060 1925; x_wconf 88' lang='lat' dir='ltr'><strong>S.</strong></span> <span class='ocrx_word' id='word_1_107' title='bbox 1074 1902 1145 1914; x_wconf 94' lang='lat'>—</span> 
     </span>
    </p>
   </div>
   <div class='ocr_carea' id='block_1_5' title="bbox 435 1968 2187 2040">
    <p class='ocr_par' dir='ltr' id='par_1_5' title="bbox 435 1968 2187 2040">
     <span class='ocr_line' id='line_1_14' title="bbox 435 1968 2187 2040; baseline -0.002 -16"><span class='ocrx_word' id='word_1_108' title='bbox 435 1974 553 2037; x_wconf 80' lang='grc'><strong>948</strong></span> <span class='ocrx_word' id='word_1_109' title='bbox 587 1971 645 2024; x_wconf 70' lang='grc' dir='ltr'><strong>δι’</strong></span> <span class='ocrx_word' id='word_1_110' title='bbox 677 1990 774 2036; x_wconf 84' lang='grc' dir='ltr'><strong>μου</strong></span> <span class='ocrx_word' id='word_1_111' title='bbox 808 1975 877 2040; x_wconf 80' lang='grc' dir='ltr'><strong>Α]</strong></span> <span class='ocrx_word' id='word_1_112' title='bbox 915 1972 971 2023; x_wconf 81' lang='grc' dir='ltr'><strong>δέ</strong></span> <span class='ocrx_word' id='word_1_113' title='bbox 1005 1990 1103 2034; x_wconf 87' lang='grc' dir='ltr'><strong>μου</strong></span> <span class='ocrx_word' id='word_1_114' title='bbox 1137 1971 1276 2037; x_wconf 73' lang='grc' dir='ltr'><strong><em>αὐτῷ</em></strong></span> <span class='ocrx_word' id='word_1_115' title='bbox 1313 1974 1345 2022; x_wconf 92' lang='lat' dir='ltr'>S</span> <span class='ocrx_word' id='word_1_116' title='bbox 1381 1973 1619 2033; x_wconf 86' lang='lat' dir='ltr'><strong>Dindorf,</strong></span> <span class='ocrx_word' id='word_1_117' title='bbox 1655 1970 1701 2021; x_wconf 85' lang='grc' dir='ltr'><strong>δ’</strong></span> <span class='ocrx_word' id='word_1_118' title='bbox 1735 1969 1874 2036; x_wconf 72' lang='grc' dir='ltr'><strong><em>αὐτῷ</em></strong></span> <span class='ocrx_word' id='word_1_119' title='bbox 1912 1968 2037 2033; x_wconf 78' lang='grc' dir='ltr'><strong><em>εμοῦ</em></strong></span> <span class='ocrx_word' id='word_1_120' title='bbox 2068 1970 2187 2037; x_wconf 77' lang='lat' dir='ltr'><strong>FQ.</strong></span> 
     </span>
    </p>
   </div>
   <div class='ocr_carea' id='block_1_6' title="bbox 354 2116 1518 4731">
    <p class='ocr_par' dir='ltr' id='par_1_6' title="bbox 354 2116 1518 4731">
     <span class='ocr_line' id='line_1_15' title="bbox 359 2116 1518 2182; baseline -0.003 -12"><span class='ocrx_word' id='word_1_121' title='bbox 359 2120 447 2170; x_wconf 85' lang='grc'><strong>01.</strong></span> <span class='ocrx_word' id='word_1_122' title='bbox 466 2121 576 2170; x_wconf 91' lang='grc'>105.</span> <span class='ocrx_word' id='word_1_123' title='bbox 597 2120 798 2182; x_wconf 63' lang='grc'><strong>3(35;),</strong></span> <span class='ocrx_word' id='word_1_124' title='bbox 810 2120 874 2170; x_wconf 77' lang='lat' dir='ltr'><strong>cf.</strong></span> <span class='ocrx_word' id='word_1_125' title='bbox 890 2119 1031 2169; x_wconf 80' lang='lat' dir='ltr'><strong>Dem.</strong></span> <span class='ocrx_word' id='word_1_126' title='bbox 1047 2119 1266 2170; x_wconf 85' lang='lat' dir='ltr'><strong>XXXVI.</strong></span> <span class='ocrx_word' id='word_1_127' title='bbox 1289 2119 1377 2168; x_wconf 86' lang='grc'><strong>53.</strong></span> <span class='ocrx_word' id='word_1_128' title='bbox 1397 2116 1518 2182; x_wconf 76' lang='grc' dir='ltr'><strong><em>οὐχι</em></strong></span> 
     </span>
     <span class='ocr_line' id='line_1_16' title="bbox 358 2200 1515 2265; baseline -0.002 -14"><span class='ocrx_word' id='word_1_129' title='bbox 358 2200 672 2265; x_wconf 77' lang='grc' dir='ltr'><strong><em>Τιμομάχου</em></strong></span> <span class='ocrx_word' id='word_1_130' title='bbox 706 2202 1025 2264; x_wconf 63' lang='grc' dir='ltr'><strong><em>κατηγόρεις;</em></strong></span> <span class='ocrx_word' id='word_1_131' title='bbox 1057 2200 1182 2264; x_wconf 69' lang='grc' dir='ltr'><strong><em>οὐχι</em></strong></span> <span class='ocrx_word' id='word_1_132' title='bbox 1210 2201 1515 2250; x_wconf 76' lang='grc' dir='ltr'><strong><em>Καλλίππου</em></strong></span> 
     </span>
     <span class='ocr_line' id='line_1_17' title="bbox 362 2282 1518 2350; baseline -0.001 -17"><span class='ocrx_word' id='word_1_133' title='bbox 362 2286 459 2333; x_wconf 73' lang='grc' dir='ltr'><strong>τοῦ</strong></span> <span class='ocrx_word' id='word_1_134' title='bbox 491 2285 571 2332; x_wconf 69' lang='grc' dir='ltr'><strong>νῦν</strong></span> <span class='ocrx_word' id='word_1_135' title='bbox 600 2282 744 2341; x_wconf 72' lang='grc' dir='ltr'><strong><em>’ὄντος</em></strong></span> <span class='ocrx_word' id='word_1_136' title='bbox 779 2300 830 2332; x_wconf 83' lang='grc' dir='ltr'><strong>εν</strong></span> <span class='ocrx_word' id='word_1_137' title='bbox 862 2283 1082 2350; x_wconf 74' lang='grc' dir='ltr'><strong><em>Σικελία.</em></strong></span> <span class='ocrx_word' id='word_1_138' title='bbox 1115 2283 1282 2333; x_wconf 84' lang='lat' dir='ltr'><strong>Etiam</strong></span> <span class='ocrx_word' id='word_1_139' title='bbox 1317 2283 1366 2332; x_wconf 92' lang='lat' dir='ltr'><strong>in</strong></span> <span class='ocrx_word' id='word_1_140' title='bbox 1398 2284 1518 2333; x_wconf 89' lang='lat' dir='ltr'><strong>libe·</strong></span> 
     </span>
     <span class='ocr_line' id='line_1_18' title="bbox 362 2365 1518 2430; baseline -0.003 -13"><span class='ocrx_word' id='word_1_141' title='bbox 362 2383 473 2417; x_wconf 82' lang='lat' dir='ltr'><strong>rum</strong></span> <span class='ocrx_word' id='word_1_142' title='bbox 515 2366 741 2416; x_wconf 81' lang='lat' dir='ltr'><strong>exsilium</strong></span> <span class='ocrx_word' id='word_1_143' title='bbox 784 2365 903 2422; x_wconf 81' lang='lat' dir='ltr'><strong>ivit,</strong></span> <span class='ocrx_word' id='word_1_144' title='bbox 936 2365 1170 2425; x_wconf 88' lang='lat' dir='ltr'><strong>Dionem,</strong></span> <span class='ocrx_word' id='word_1_145' title='bbox 1208 2382 1302 2430; x_wconf 90' lang='lat' dir='ltr'><strong>quo</strong></span> <span class='ocrx_word' id='word_1_146' title='bbox 1339 2365 1518 2415; x_wconf 83' lang='lat' dir='ltr'><strong>famili-</strong></span> 
     </span>
     <span class='ocr_line' id='line_1_19' title="bbox 360 2446 1513 2509; baseline -0.001 -10"><span class='ocrx_word' id='word_1_147' title='bbox 360 2450 513 2499; x_wconf 78' lang='lat' dir='ltr'><strong>ariter</strong></span> <span class='ocrx_word' id='word_1_148' title='bbox 563 2449 807 2509; x_wconf 85' lang='lat' dir='ltr'><strong>utebatur,</strong></span> <span class='ocrx_word' id='word_1_149' title='bbox 852 2446 1111 2499; x_wconf 71' lang='lat' dir='ltr'><strong>comitatus</strong></span> <span class='ocrx_word' id='word_1_150' title='bbox 1154 2453 1228 2498; x_wconf 88' lang='lat' dir='ltr'><strong>est</strong></span> <span class='ocrx_word' id='word_1_151' title='bbox 1274 2452 1324 2498; x_wconf 91' lang='lat' dir='ltr'><strong>et</strong></span> <span class='ocrx_word' id='word_1_152' title='bbox 1371 2448 1513 2498; x_wconf 83' lang='lat' dir='ltr'><strong>initio</strong></span> 
     </span>
     <span class='ocr_line' id='line_1_20' title="bbox 360 2530 1513 2596; baseline -0.001 -15"><span class='ocrx_word' id='word_1_153' title='bbox 360 2531 446 2582; x_wconf 88' lang='lat' dir='ltr'><strong>ol.</strong></span> <span class='ocrx_word' id='word_1_154' title='bbox 481 2533 592 2581; x_wconf 92' lang='grc'>105.</span> <span class='ocrx_word' id='word_1_155' title='bbox 610 2534 645 2580; x_wconf 98' lang='grc'><strong>4</strong></span> <span class='ocrx_word' id='word_1_156' title='bbox 683 2530 816 2593; x_wconf 88' lang='grc'><strong>(357,</strong></span> <span class='ocrx_word' id='word_1_157' title='bbox 861 2546 1025 2581; x_wconf 88' lang='lat' dir='ltr'><strong>mense</strong></span> <span class='ocrx_word' id='word_1_158' title='bbox 1070 2531 1359 2596; x_wconf 79' lang='lat' dir='ltr'><strong>Septembri)</strong></span> <span class='ocrx_word' id='word_1_159' title='bbox 1403 2548 1513 2580; x_wconf 88' lang='lat' dir='ltr'><strong>cum</strong></span> 
     </span>
     <span class='ocr_line' id='line_1_21' title="bbox 360 2613 1511 2679; baseline -0.001 -16"><span class='ocrx_word' id='word_1_160' title='bbox 360 2631 424 2664; x_wconf 79' lang='lat' dir='ltr'><strong>oo</strong></span> <span class='ocrx_word' id='word_1_161' title='bbox 463 2614 723 2679; x_wconf 78' lang='lat' dir='ltr'><strong>Syracusae</strong></span> <span class='ocrx_word' id='word_1_162' title='bbox 768 2613 1065 2678; x_wconf 75' lang='lat' dir='ltr'><strong>expugnavit</strong></span> <span class='ocrx_word' id='word_1_163' title='bbox 1098 2613 1318 2676; x_wconf 87' lang='lat' dir='ltr'><strong>(Clinton</strong></span> <span class='ocrx_word' id='word_1_164' title='bbox 1351 2613 1406 2664; x_wconf 78' lang='lat' dir='ltr'><strong>F.</strong></span> <span class='ocrx_word' id='word_1_165' title='bbox 1445 2613 1511 2664; x_wconf 87' lang='lat' dir='ltr'><strong>H.</strong></span> 
     </span>
     <span class='ocr_line' id='line_1_22' title="bbox 360 2694 1513 2761; baseline -0.003 -14"><span class='ocrx_word' id='word_1_166' title='bbox 360 2697 439 2746; x_wconf 73' lang='lat' dir='ltr'><strong>od.</strong></span> <span class='ocrx_word' id='word_1_167' title='bbox 492 2697 680 2761; x_wconf 77' lang='lat' dir='ltr'><strong>Kruger</strong></span> <span class='ocrx_word' id='word_1_168' title='bbox 724 2696 787 2745; x_wconf 87' lang='lat' dir='ltr'><strong>ad</strong></span> <span class='ocrx_word' id='word_1_169' title='bbox 832 2696 914 2745; x_wconf 92' lang='lat' dir='ltr'><strong>Ol.</strong></span> <span class='ocrx_word' id='word_1_170' title='bbox 960 2696 1074 2745; x_wconf 89' lang='grc'><strong>105.</strong></span> <span class='ocrx_word' id='word_1_171' title='bbox 1106 2698 1171 2756; x_wconf 92' lang='grc'><strong>4).</strong></span> <span class='ocrx_word' id='word_1_172' title='bbox 1218 2694 1299 2745; x_wconf 90' lang='grc'><strong>01.</strong></span> <span class='ocrx_word' id='word_1_173' title='bbox 1348 2696 1513 2745; x_wconf 87' lang='grc'><strong>106.4</strong></span> 
     </span>
     <span class='ocr_line' id='line_1_23' title="bbox 358 2777 1511 2843; baseline 0.001 -16"><span class='ocrx_word' id='word_1_174' title='bbox 358 2780 495 2842; x_wconf 85' lang='grc'><strong>(353)</strong></span> <span class='ocrx_word' id='word_1_175' title='bbox 520 2779 730 2829; x_wconf 88' lang='lat' dir='ltr'><strong>Dionem</strong></span> <span class='ocrx_word' id='word_1_176' title='bbox 757 2777 1000 2842; x_wconf 79' lang='lat' dir='ltr'><strong>iugulavit</strong></span> <span class='ocrx_word' id='word_1_177' title='bbox 1029 2783 1079 2827; x_wconf 86' lang='lat' dir='ltr'><strong>et</strong></span> <span class='ocrx_word' id='word_1_178' title='bbox 1102 2777 1306 2843; x_wconf 82' lang='lat' dir='ltr'><strong>imperio</strong></span> <span class='ocrx_word' id='word_1_179' title='bbox 1323 2778 1511 2843; x_wconf 83' lang='lat' dir='ltr'><strong>potitus</strong></span> 
     </span>
     <span class='ocr_line' id='line_1_24' title="bbox 362 2859 1512 2925; baseline -0.001 -13.953"><span class='ocrx_word' id='word_1_180' title='bbox 362 2869 461 2920; x_wconf 81' lang='lat' dir='ltr'><strong>est,</strong></span> <span class='ocrx_word' id='word_1_181' title='bbox 524 2861 754 2911; x_wconf 76' lang='lat' dir='ltr'><strong>tredecim</strong></span> <span class='ocrx_word' id='word_1_182' title='bbox 804 2859 1049 2910; x_wconf 86' lang='lat' dir='ltr'><strong>mensibus</strong></span> <span class='ocrx_word' id='word_1_183' title='bbox 1100 2866 1213 2925; x_wconf 83' lang='lat' dir='ltr'><strong>post</strong></span> <span class='ocrx_word' id='word_1_184' title='bbox 1263 2860 1512 2925; x_wconf 76' lang='lat' dir='ltr'><strong>Syracusis</strong></span> 
     </span>
     <span class='ocr_line' id='line_1_25' title="bbox 362 2941 1512 3010; baseline -0.001 -16"><span class='ocrx_word' id='word_1_185' title='bbox 362 2945 590 3010; x_wconf 77' lang='lat' dir='ltr'><strong>expulsus</strong></span> <span class='ocrx_word' id='word_1_186' title='bbox 622 2949 697 2993; x_wconf 79' lang='lat' dir='ltr'><strong>est</strong></span> <span class='ocrx_word' id='word_1_187' title='bbox 730 2943 792 2992; x_wconf 88' lang='lat' dir='ltr'><strong>ab</strong></span> <span class='ocrx_word' id='word_1_188' title='bbox 826 2941 1100 3007; x_wconf 85' lang='lat' dir='ltr'><strong>Hipparino</strong></span> <span class='ocrx_word' id='word_1_189' title='bbox 1134 2941 1359 3007; x_wconf 84' lang='lat' dir='ltr'><strong>Dionysii</strong></span> <span class='ocrx_word' id='word_1_190' title='bbox 1391 2943 1512 3004; x_wconf 83' lang='lat' dir='ltr'><strong>filio,</strong></span> 
     </span>
     <span class='ocr_line' id='line_1_26' title="bbox 364 3024 1512 3092; baseline -0.003 -15"><span class='ocrx_word' id='word_1_191' title='bbox 364 3035 413 3077; x_wconf 89' lang='lat' dir='ltr'><strong>et</strong></span> <span class='ocrx_word' id='word_1_192' title='bbox 452 3027 665 3092; x_wconf 84' lang='lat' dir='ltr'><strong>primum</strong></span> <span class='ocrx_word' id='word_1_193' title='bbox 708 3026 987 3075; x_wconf 86' lang='lat' dir='ltr'><strong>Messanam</strong></span> <span class='ocrx_word' id='word_1_194' title='bbox 1027 3040 1078 3073; x_wconf 90' lang='lat' dir='ltr'><strong>se</strong></span> <span class='ocrx_word' id='word_1_195' title='bbox 1112 3024 1352 3085; x_wconf 86' lang='lat' dir='ltr'><strong>contulit,</strong></span> <span class='ocrx_word' id='word_1_196' title='bbox 1384 3026 1512 3074; x_wconf 88' lang='lat' dir='ltr'><strong>unde</strong></span> 
     </span>
     <span class='ocr_line' id='line_1_27' title="bbox 364 3107 1513 3175; baseline -0.002 -16"><span class='ocrx_word' id='word_1_197' title='bbox 364 3110 582 3175; x_wconf 78' lang='lat' dir='ltr'><strong>repulsus</strong></span> <span class='ocrx_word' id='word_1_198' title='bbox 616 3107 855 3172; x_wconf 79' lang='lat' dir='ltr'><strong>Rhegium</strong></span> <span class='ocrx_word' id='word_1_199' title='bbox 888 3107 1131 3172; x_wconf 85' lang='lat' dir='ltr'><strong>praesidio</strong></span> <span class='ocrx_word' id='word_1_200' title='bbox 1167 3108 1363 3171; x_wconf 80' lang='lat' dir='ltr'><strong>tyranni</strong></span> <span class='ocrx_word' id='word_1_201' title='bbox 1393 3108 1513 3158; x_wconf 88' lang='lat' dir='ltr'><strong>libe-</strong></span> 
     </span>
     <span class='ocr_line' id='line_1_28' title="bbox 363 3188 1511 3253; baseline -0.003 -12"><span class='ocrx_word' id='word_1_202' title='bbox 363 3192 513 3250; x_wconf 77' lang='lat' dir='ltr'><strong>ravit,</strong></span> <span class='ocrx_word' id='word_1_203' title='bbox 542 3191 627 3240; x_wconf 89' lang='lat' dir='ltr'><strong>sed</strong></span> <span class='ocrx_word' id='word_1_204' title='bbox 653 3206 765 3239; x_wconf 82' lang='lat' dir='ltr'><strong>mox</strong></span> <span class='ocrx_word' id='word_1_205' title='bbox 798 3190 1116 3253; x_wconf 82' lang='lat' dir='ltr'><strong>interemptus</strong></span> <span class='ocrx_word' id='word_1_206' title='bbox 1145 3194 1220 3237; x_wconf 88' lang='lat' dir='ltr'><strong>est</strong></span> <span class='ocrx_word' id='word_1_207' title='bbox 1247 3188 1511 3241; x_wconf 81' lang='lat'><strong>01.107.2</strong></span> 
     </span>
     <span class='ocr_line' id='line_1_29' title="bbox 360 3269 1509 3335; baseline 0 -13"><span class='ocrx_word' id='word_1_208' title='bbox 360 3274 493 3335; x_wconf 89' lang='grc'><strong>(351)</strong></span> <span class='ocrx_word' id='word_1_209' title='bbox 528 3273 605 3321; x_wconf 80' lang='lat' dir='ltr'><strong>vel</strong></span> <span class='ocrx_word' id='word_1_210' title='bbox 639 3271 780 3321; x_wconf 85' lang='lat' dir='ltr'><strong>initio</strong></span> <span class='ocrx_word' id='word_1_211' title='bbox 816 3270 896 3321; x_wconf 91' lang='grc'><strong>01.</strong></span> <span class='ocrx_word' id='word_1_212' title='bbox 935 3269 1048 3322; x_wconf 90' lang='grc'>107.</span> <span class='ocrx_word' id='word_1_213' title='bbox 1062 3271 1092 3319; x_wconf 88' lang='grc'><strong>3</strong></span> <span class='ocrx_word' id='word_1_214' title='bbox 1122 3270 1257 3332; x_wconf 87' lang='grc'><strong>(350)</strong></span> <span class='ocrx_word' id='word_1_215' title='bbox 1286 3272 1347 3320; x_wconf 83' lang='lat' dir='ltr'><strong>cf.</strong></span> <span class='ocrx_word' id='word_1_216' title='bbox 1376 3271 1509 3322; x_wconf 89' lang='lat' dir='ltr'><strong>Plut.</strong></span> 
     </span>
     <span class='ocr_line' id='line_1_30' title="bbox 362 3352 1510 3418; baseline 0 -14"><span class='ocrx_word' id='word_1_217' title='bbox 362 3355 473 3404; x_wconf 90' lang='lat' dir='ltr'><strong>Dio.</strong></span> <span class='ocrx_word' id='word_1_218' title='bbox 506 3354 589 3404; x_wconf 78' lang='lat'><strong>28.</strong></span> <span class='ocrx_word' id='word_1_219' title='bbox 627 3355 829 3418; x_wconf 72' lang='lat' dir='ltr'><strong>54sqq„</strong></span> <span class='ocrx_word' id='word_1_220' title='bbox 861 3352 1010 3402; x_wconf 88' lang='lat' dir='ltr'><strong>Diod.</strong></span> <span class='ocrx_word' id='word_1_221' title='bbox 1045 3352 1182 3402; x_wconf 85' lang='lat' dir='ltr'><strong>XVI.</strong></span> <span class='ocrx_word' id='word_1_222' title='bbox 1218 3353 1300 3412; x_wconf 89' lang='lat'><strong>17,</strong></span> <span class='ocrx_word' id='word_1_223' title='bbox 1331 3353 1412 3413; x_wconf 78' lang='lat'><strong>20,</strong></span> <span class='ocrx_word' id='word_1_224' title='bbox 1430 3355 1510 3414; x_wconf 89' lang='grc'><strong>31,</strong></span> 
     </span>
     <span class='ocr_line' id='line_1_31' title="bbox 366 3435 1327 3500; baseline -0.004 -13"><span class='ocrx_word' id='word_1_225' title='bbox 366 3438 442 3497; x_wconf 95' lang='grc'><strong>36,</strong></span> <span class='ocrx_word' id='word_1_226' title='bbox 479 3439 539 3487; x_wconf 83' lang='grc' dir='ltr'><strong>Δ.</strong></span> <span class='ocrx_word' id='word_1_227' title='bbox 575 3436 802 3486; x_wconf 76' lang='lat' dir='ltr'><strong>Schaefer</strong></span> <span class='ocrx_word' id='word_1_228' title='bbox 834 3436 961 3485; x_wconf 80' lang='lat' dir='ltr'><strong>Add.</strong></span> <span class='ocrx_word' id='word_1_229' title='bbox 994 3451 1075 3500; x_wconf 80' lang='lat' dir='ltr'><strong>pg.</strong></span> <span class='ocrx_word' id='word_1_230' title='bbox 1113 3435 1210 3484; x_wconf 87' lang='lat'><strong>158</strong></span> <span class='ocrx_word' id='word_1_231' title='bbox 1222 3450 1327 3499; x_wconf 86' lang='lat' dir='ltr'><strong>sqq.</strong></span> 
     </span>
     <span class='ocr_line' id='line_1_32' title="bbox 425 3517 1511 3584; baseline -0.001 -16"><span class='ocrx_word' id='word_1_232' title='bbox 425 3517 599 3584; x_wconf 75' lang='grc' dir='ltr'><strong><em>Φραζ</em></strong></span> <span class='ocrx_word' id='word_1_233' title='bbox 610 3518 688 3584; x_wconf 86' lang='grc' dir='ltr'><strong>ει]</strong></span> <span class='ocrx_word' id='word_1_234' title='bbox 746 3518 960 3577; x_wconf 75' lang='lat' dir='ltr'><strong>indicat,</strong></span> <span class='ocrx_word' id='word_1_235' title='bbox 1022 3517 1176 3576; x_wconf 74' lang='lat' dir='ltr'><strong>iubet,</strong></span> <span class='ocrx_word' id='word_1_236' title='bbox 1226 3517 1511 3581; x_wconf 83' lang='lat' dir='ltr'><strong>plerumque</strong></span> 
     </span>
     <span class='ocr_line' id='line_1_33' title="bbox 360 3599 1511 3663; baseline -0.003 -12"><span class='ocrx_word' id='word_1_237' title='bbox 360 3601 449 3651; x_wconf 81' lang='lat' dir='ltr'><strong>boe</strong></span> <span class='ocrx_word' id='word_1_238' title='bbox 494 3601 693 3650; x_wconf 79' lang='lat' dir='ltr'><strong>verbnm</strong></span> <span class='ocrx_word' id='word_1_239' title='bbox 728 3616 773 3649; x_wconf 88' lang='lat' dir='ltr'><strong>c.</strong></span> <span class='ocrx_word' id='word_1_240' title='bbox 805 3600 907 3649; x_wconf 87' lang='lat' dir='ltr'><strong>dat.</strong></span> <span class='ocrx_word' id='word_1_241' title='bbox 941 3599 1278 3663; x_wconf 79' lang='lat' dir='ltr'><strong>coniungitur,</strong></span> <span class='ocrx_word' id='word_1_242' title='bbox 1314 3599 1511 3649; x_wconf 88' lang='lat' dir='ltr'><strong>Demos·</strong></span> 
     </span>
     <span class='ocr_line' id='line_1_34' title="bbox 358 3682 1508 3747; baseline -0.004 -14"><span class='ocrx_word' id='word_1_243' title='bbox 358 3685 526 3733; x_wconf 82' lang='lat' dir='ltr'><strong>tbenes</strong></span> <span class='ocrx_word' id='word_1_244' title='bbox 570 3698 918 3747; x_wconf 71' lang='lat' dir='ltr'><strong>nonnunquam</strong></span> <span class='ocrx_word' id='word_1_245' title='bbox 962 3696 1130 3745; x_wconf 85' lang='lat' dir='ltr'><strong>praep.</strong></span> <span class='ocrx_word' id='word_1_246' title='bbox 1179 3682 1298 3741; x_wconf 81' lang='grc' dir='ltr'><strong><em>πρός</em></strong></span> <span class='ocrx_word' id='word_1_247' title='bbox 1327 3698 1369 3731; x_wconf 90' lang='lat' dir='ltr'><strong>c.</strong></span> <span class='ocrx_word' id='word_1_248' title='bbox 1411 3698 1508 3732; x_wconf 89' lang='lat' dir='ltr'><strong>acc.</strong></span> 
     </span>
     <span class='ocr_line' id='line_1_35' title="bbox 360 3762 1508 3823; baseline -0.001 -8"><span class='ocrx_word' id='word_1_249' title='bbox 360 3766 496 3815; x_wconf 83' lang='lat' dir='ltr'><strong>addit</strong></span> <span class='ocrx_word' id='word_1_250' title='bbox 547 3766 611 3815; x_wconf 82' lang='lat' dir='ltr'><strong>cf.</strong></span> <span class='ocrx_word' id='word_1_251' title='bbox 661 3764 789 3813; x_wconf 86' lang='lat' dir='ltr'><strong>XIX.</strong></span> <span class='ocrx_word' id='word_1_252' title='bbox 835 3764 883 3813; x_wconf 90' lang='grc'><strong>3.</strong></span> <span class='ocrx_word' id='word_1_253' title='bbox 929 3766 1010 3813; x_wconf 89' lang='grc'><strong>44.</strong></span> <span class='ocrx_word' id='word_1_254' title='bbox 1064 3763 1177 3822; x_wconf 91' lang='grc'><strong>139,</strong></span> <span class='ocrx_word' id='word_1_255' title='bbox 1224 3762 1382 3812; x_wconf 86' lang='lat' dir='ltr'><strong>XXII.</strong></span> <span class='ocrx_word' id='word_1_256' title='bbox 1431 3762 1508 3823; x_wconf 91' lang='lat'><strong>17,</strong></span> 
     </span>
     <span class='ocr_line' id='line_1_36' title="bbox 360 3843 1507 3905; baseline -0.003 -8"><span class='ocrx_word' id='word_1_257' title='bbox 360 3847 542 3897; x_wconf 79' lang='lat' dir='ltr'><strong>xxm.</strong></span> <span class='ocrx_word' id='word_1_258' title='bbox 595 3847 722 3903; x_wconf 88' lang='lat'><strong>141,</strong></span> <span class='ocrx_word' id='word_1_259' title='bbox 773 3847 886 3905; x_wconf 87' lang='lat'><strong>145,</strong></span> <span class='ocrx_word' id='word_1_260' title='bbox 932 3844 1087 3894; x_wconf 83' lang='lat' dir='ltr'><strong>LVII.</strong></span> <span class='ocrx_word' id='word_1_261' title='bbox 1152 3843 1181 3896; x_wconf 90' lang='lat'><strong>7</strong></span> <span class='ocrx_word' id='word_1_262' title='bbox 1240 3845 1344 3894; x_wconf 86' lang='lat' dir='ltr'><strong>sine</strong></span> <span class='ocrx_word' id='word_1_263' title='bbox 1404 3845 1507 3894; x_wconf 90' lang='lat' dir='ltr'><strong>ullo</strong></span> 
     </span>
     <span class='ocr_line' id='line_1_37' title="bbox 358 3927 1507 3992; baseline -0.001 -14"><span class='ocrx_word' id='word_1_264' title='bbox 358 3928 648 3978; x_wconf 76' lang='lat' dir='ltr'><strong>discrimine.</strong></span> <span class='ocrx_word' id='word_1_265' title='bbox 682 3928 827 3992; x_wconf 81' lang='lat' dir='ltr'><strong>Apud</strong></span> <span class='ocrx_word' id='word_1_266' title='bbox 861 3928 986 3977; x_wconf 88' lang='lat' dir='ltr'><strong>alios</strong></span> <span class='ocrx_word' id='word_1_267' title='bbox 1018 3927 1280 3992; x_wconf 85' lang='lat' dir='ltr'><strong>scriptores</strong></span> <span class='ocrx_word' id='word_1_268' title='bbox 1314 3928 1507 3977; x_wconf 73' lang='lat' dir='ltr'><strong>nullum</strong></span> 
     </span>
     <span class='ocr_line' id='line_1_38' title="bbox 358 4009 1506 4075; baseline -0.003 -14"><span class='ocrx_word' id='word_1_269' title='bbox 358 4012 503 4061; x_wconf 83' lang='lat' dir='ltr'><strong>buius</strong></span> <span class='ocrx_word' id='word_1_270' title='bbox 530 4016 799 4059; x_wconf 69' lang='lat' dir='ltr'><strong>structurae</strong></span> <span class='ocrx_word' id='word_1_271' title='bbox 826 4009 1134 4074; x_wconf 82' lang='lat' dir='ltr'><strong>exemplum</strong></span> <span class='ocrx_word' id='word_1_272' title='bbox 1121 4009 1336 4059; x_wconf 78' lang='lat' dir='ltr'><strong>invenire</strong></span> <span class='ocrx_word' id='word_1_273' title='bbox 1353 4011 1506 4075; x_wconf 80' lang='lat' dir='ltr'><strong>potui.</strong></span> 
     </span>
     <span class='ocr_line' id='line_1_39' title="bbox 426 4089 1507 4158; baseline -0.001 -18"><span class='ocrx_word' id='word_1_274' title='bbox 426 4095 626 4142; x_wconf 77' lang='grc' dir='ltr'><strong><em>πλοῦν</em></strong></span> <span class='ocrx_word' id='word_1_275' title='bbox 658 4092 946 4158; x_wconf 78' lang='grc' dir='ltr'><strong><em>πλειν]οί’.</em></strong></span> <span class='ocrx_word' id='word_1_276' title='bbox 966 4089 1507 4153; x_wconf 63' lang='grc' dir='ltr'><strong><em>αᾱςὲδθομαιδέησιν.</em></strong></span> 
     </span>
     <span class='ocr_line' id='line_1_40' title="bbox 425 4173 1511 4240; baseline -0.001 -16"><span class='ocrx_word' id='word_1_277' title='bbox 425 4173 575 4235; x_wconf 78' lang='grc' dir='ltr'><strong><em>εμόν</em></strong></span> <span class='ocrx_word' id='word_1_278' title='bbox 628 4191 689 4222; x_wconf 83' lang='grc' dir='ltr'><strong>τι</strong></span> <span class='ocrx_word' id='word_1_279' title='bbox 742 4174 1037 4240; x_wconf 70' lang='grc' dir='ltr'><strong><em>πρᾶγμα]</em></strong></span> <span class='ocrx_word' id='word_1_280' title='bbox 1098 4174 1333 4237; x_wconf 70' lang='lat' dir='ltr'><strong>neqotium</strong></span> <span class='ocrx_word' id='word_1_281' title='bbox 1383 4175 1511 4238; x_wconf 76' lang='lat' dir='ltr'><strong>quod</strong></span> 
     </span>
     <span class='ocr_line' id='line_1_41' title="bbox 358 4255 1516 4315; baseline -0.002 -10"><span class='ocrx_word' id='word_1_282' title='bbox 358 4274 459 4305; x_wconf 70' lang='lat' dir='ltr'><strong>nea</strong></span> <span class='ocrx_word' id='word_1_283' title='bbox 522 4257 749 4315; x_wconf 69' lang='lat' dir='ltr'><strong>interest,</strong></span> <span class='ocrx_word' id='word_1_284' title='bbox 806 4261 861 4305; x_wconf 87' lang='lat' dir='ltr'><strong>ut</strong></span> <span class='ocrx_word' id='word_1_285' title='bbox 909 4255 1155 4305; x_wconf 84' lang='grc' dir='ltr'><strong><em>Τ1ιιιο.Ῑ.</em></strong></span> <span class='ocrx_word' id='word_1_286' title='bbox 1207 4257 1271 4306; x_wconf 90' lang='grc'><strong>69</strong></span> <span class='ocrx_word' id='word_1_287' title='bbox 1325 4257 1398 4305; x_wconf 93' lang='grc'>5.</span> <span class='ocrx_word' id='word_1_288' title='bbox 1453 4255 1516 4304; x_wconf 76' lang='grc' dir='ltr'><strong><em>αἱ</em></strong></span> 
     </span>
     <span class='ocr_line' id='line_1_42' title="bbox 358 4335 1508 4402; baseline -0.002 -14"><span class='ocrx_word' id='word_1_289' title='bbox 358 4337 597 4400; x_wconf 65' lang='grc' dir='ltr'><strong><em>ὑμέτεραι</em></strong></span> <span class='ocrx_word' id='word_1_290' title='bbox 640 4335 839 4394; x_wconf 75' lang='grc' dir='ltr'><strong><em>ελπίδες</em></strong></span> <span class='ocrx_word' id='word_1_291' title='bbox 876 4354 983 4402; x_wconf 62' lang='lat' dir='ltr'><strong>spes</strong></span> <span class='ocrx_word' id='word_1_292' title='bbox 1016 4337 1071 4385; x_wconf 78' lang='grc' dir='ltr'><strong>ιἰι</strong></span> <span class='ocrx_word' id='word_1_293' title='bbox 1104 4338 1236 4386; x_wconf 63' lang='lat' dir='ltr'><strong>vobit</strong></span> <span class='ocrx_word' id='word_1_294' title='bbox 1262 4338 1508 4388; x_wconf 69' lang='lat' dir='ltr'><strong>collocata.</strong></span> 
     </span>
     <span class='ocr_line' id='line_1_43' title="bbox 354 4415 1509 4486; baseline -0.002 -15.997"><span class='ocrx_word' id='word_1_295' title='bbox 354 4421 559 4485; x_wconf 63' lang='grc' dir='ltr'><strong><em>’Διιτίρῑι</em></strong></span> <span class='ocrx_word' id='word_1_296' title='bbox 612 4419 670 4469; x_wconf 76' lang='lat' dir='ltr'><strong>V.</strong></span> <span class='ocrx_word' id='word_1_297' title='bbox 725 4420 813 4469; x_wconf 90' lang='grc'><strong>41.</strong></span> <span class='ocrx_word' id='word_1_298' title='bbox 864 4417 1154 4482; x_wconf 52' lang='lat' dir='ltr'><strong>xime-cr?</strong></span> <span class='ocrx_word' id='word_1_299' title='bbox 1088 4415 1298 4484; x_wconf 68' lang='grc' dir='ltr'><strong><em>τῇεμῇ</em></strong></span> <span class='ocrx_word' id='word_1_300' title='bbox 1331 4421 1509 4486; x_wconf 75' lang='lat' dir='ltr'><strong>favore</strong></span> 
     </span>
     <span class='ocr_line' id='line_1_44' title="bbox 354 4496 1507 4566; baseline -0.003 -14"><span class='ocrx_word' id='word_1_301' title='bbox 354 4504 585 4552; x_wconf 69' lang='lat' dir='ltr'><strong>adver-m</strong></span> <span class='ocrx_word' id='word_1_302' title='bbox 618 4517 705 4551; x_wconf 71' lang='lat' dir='ltr'><strong>ne.</strong></span> <span class='ocrx_word' id='word_1_303' title='bbox 738 4500 1105 4566; x_wconf 74' lang='lat' dir='ltr'><strong>Lys.X111,20</strong></span> <span class='ocrx_word' id='word_1_304' title='bbox 1141 4496 1223 4549; x_wconf 65' lang='lat' dir='ltr'><strong>iae&#39;</strong></span> <span class='ocrx_word' id='word_1_305' title='bbox 1252 4499 1415 4566; x_wconf 68' lang='grc' dir='ltr'><strong><em>ευνοίςι</em></strong></span> <span class='ocrx_word' id='word_1_306' title='bbox 1443 4505 1507 4565; x_wconf 69' lang='grc' dir='ltr'><strong>τῇ</strong></span> 
     </span>
     <span class='ocr_line' id='line_1_45' title="bbox 356 4582 1509 4649; baseline -0.001 -17"><span class='ocrx_word' id='word_1_307' title='bbox 356 4582 577 4649; x_wconf 71' lang='grc' dir='ltr'><strong><em>ὑμετέρᾳ</em></strong></span> <span class='ocrx_word' id='word_1_308' title='bbox 604 4582 814 4633; x_wconf 74' lang='lat' dir='ltr'><strong>etudio</strong></span> <span class='ocrx_word' id='word_1_309' title='bbox 792 4599 844 4631; x_wconf 80' lang='grc' dir='ltr'><strong>ιιι</strong></span> <span class='ocrx_word' id='word_1_310' title='bbox 866 4599 961 4642; x_wconf 73' lang='lat' dir='ltr'><strong>voe,</strong></span> <span class='ocrx_word' id='word_1_311' title='bbox 982 4582 1065 4631; x_wconf 88' lang='lat' dir='ltr'><strong>ubi</strong></span> <span class='ocrx_word' id='word_1_312' title='bbox 1084 4582 1194 4632; x_wconf 79' lang='lat' dir='ltr'><strong>vide</strong></span> <span class='ocrx_word' id='word_1_313' title='bbox 1212 4583 1509 4647; x_wconf 78' lang='lat' dir='ltr'><strong>Frobberger</strong></span> 
     </span>
     <span class='ocr_line' id='line_1_46' title="bbox 354 4663 1508 4731; baseline -0.002 -15"><span class='ocrx_word' id='word_1_314' title='bbox 354 4669 418 4718; x_wconf 78' lang='lat' dir='ltr'><strong>cf.</strong></span> <span class='ocrx_word' id='word_1_315' title='bbox 474 4666 661 4731; x_wconf 79' lang='lat' dir='ltr'><strong>Kriiger</strong></span> <span class='ocrx_word' id='word_1_316' title='bbox 709 4665 966 4730; x_wconf 83' lang='lat' dir='ltr'><strong>(Sprachl.)</strong></span> <span class='ocrx_word' id='word_1_317' title='bbox 1011 4663 1093 4715; x_wconf 87' lang='lat'><strong>47.</strong></span> <span class='ocrx_word' id='word_1_318' title='bbox 1128 4663 1177 4715; x_wconf 90' lang='lat'><strong>7.</strong></span> <span class='ocrx_word' id='word_1_319' title='bbox 1212 4667 1260 4724; x_wconf 87' lang='grc'><strong>8,</strong></span> <span class='ocrx_word' id='word_1_320' title='bbox 1310 4665 1508 4714; x_wconf 81' lang='lat' dir='ltr'><strong>Kiihner</strong></span> 
     </span>
    </p>
   </div>
   <div class='ocr_carea' id='block_1_7' title="bbox 1584 2118 2756 4723">
    <p class='ocr_par' dir='ltr' id='par_1_7' title="bbox 1594 2118 2754 2346">
     <span class='ocr_line' id='line_1_47' title="bbox 1595 2118 2754 2183; baseline 0.002 -16"><span class='ocrx_word' id='word_1_321' title='bbox 1595 2118 1850 2181; x_wconf 86' lang='lat' dir='ltr'><strong>(Gramm.)</strong></span> <span class='ocrx_word' id='word_1_322' title='bbox 1879 2118 1960 2167; x_wconf 84' lang='lat'><strong>11²</strong></span> <span class='ocrx_word' id='word_1_323' title='bbox 1998 2118 2045 2168; x_wconf 92' lang='lat'><strong>1.</strong></span> <span class='ocrx_word' id='word_1_324' title='bbox 2071 2134 2154 2183; x_wconf 69' lang='grc' dir='ltr'><strong><em>[ις.</em></strong></span> <span class='ocrx_word' id='word_1_325' title='bbox 2182 2120 2280 2167; x_wconf 91' lang='grc'><strong>486</strong></span> <span class='ocrx_word' id='word_1_326' title='bbox 2312 2136 2389 2168; x_wconf 83' lang='lat' dir='ltr'><strong>an.</strong></span> <span class='ocrx_word' id='word_1_327' title='bbox 2421 2120 2503 2170; x_wconf 93' lang='grc'><strong>11.</strong></span> <span class='ocrx_word' id='word_1_328' title='bbox 2539 2120 2754 2170; x_wconf 81' lang='lat' dir='ltr'><strong>Observa</strong></span> 
     </span>
     <span class='ocr_line' id='line_1_48' title="bbox 1594 2197 2754 2265; baseline 0.001 -17"><span class='ocrx_word' id='word_1_329' title='bbox 1594 2200 2005 2251; x_wconf 85' lang='lat' dir='ltr'><strong>constructionem</strong></span> <span class='ocrx_word' id='word_1_330' title='bbox 2032 2201 2169 2250; x_wconf 86' lang='lat' dir='ltr'><strong>verbi</strong></span> <span class='ocrx_word' id='word_1_331' title='bbox 2199 2197 2534 2265; x_wconf 72' lang='grc' dir='ltr'><strong><em>διαλέγεσθαί</em></strong></span> <span class='ocrx_word' id='word_1_332' title='bbox 2554 2201 2661 2250; x_wconf 78' lang='grc' dir='ltr'><strong><em>τινί</em></strong></span> <span class='ocrx_word' id='word_1_333' title='bbox 2684 2219 2754 2259; x_wconf 75' lang='grc' dir='ltr'><strong>τι,</strong></span> 
     </span>
     <span class='ocr_line' id='line_1_49' title="bbox 1594 2281 2754 2346; baseline 0.002 -15"><span class='ocrx_word' id='word_1_334' title='bbox 1594 2282 1826 2332; x_wconf 71' lang='lat' dir='ltr'><strong>usitatius</strong></span> <span class='ocrx_word' id='word_1_335' title='bbox 1858 2289 1934 2334; x_wconf 90' lang='lat' dir='ltr'><strong>est</strong></span> <span class='ocrx_word' id='word_1_336' title='bbox 1967 2281 2304 2346; x_wconf 74' lang='grc' dir='ltr'><strong><em>διαλέγεσθαί</em></strong></span> <span class='ocrx_word' id='word_1_337' title='bbox 2330 2302 2427 2333; x_wconf 79' lang='grc' dir='ltr'><strong><em>τινι</em></strong></span> <span class='ocrx_word' id='word_1_338' title='bbox 2464 2289 2580 2346; x_wconf 82' lang='grc' dir='ltr'><strong><em>περί</em></strong></span> <span class='ocrx_word' id='word_1_339' title='bbox 2609 2301 2754 2341; x_wconf 75' lang='grc' dir='ltr'><strong><em>τινος.</em></strong></span> 
     </span>
    </p>

    <p class='ocr_par' dir='ltr' id='par_1_8' title="bbox 1588 2363 2756 3501">
     <span class='ocr_line' id='line_1_50' title="bbox 1660 2363 2753 2431; baseline 0 -17"><span class='ocrx_word' id='word_1_340' title='bbox 1660 2363 2080 2431; x_wconf 71' lang='grc' dir='ltr'><strong><em>ἀπορηθέντι]</em></strong></span> <span class='ocrx_word' id='word_1_341' title='bbox 2145 2366 2316 2418; x_wconf 76' lang='lat' dir='ltr'><strong>Utitur</strong></span> <span class='ocrx_word' id='word_1_342' title='bbox 2379 2373 2544 2417; x_wconf 87' lang='lat' dir='ltr'><strong>noster</strong></span> <span class='ocrx_word' id='word_1_343' title='bbox 2597 2367 2753 2416; x_wconf 80' lang='lat' dir='ltr'><strong>forma</strong></span> 
     </span>
     <span class='ocr_line' id='line_1_51' title="bbox 1592 2446 2756 2515; baseline 0.001 -18"><span class='ocrx_word' id='word_1_344' title='bbox 1592 2447 1792 2513; x_wconf 83' lang='lat' dir='ltr'><strong>passiva</strong></span> <span class='ocrx_word' id='word_1_345' title='bbox 1818 2449 1953 2498; x_wconf 81' lang='lat' dir='ltr'><strong>verbi</strong></span> <span class='ocrx_word' id='word_1_346' title='bbox 1983 2446 2181 2509; x_wconf 77' lang='grc' dir='ltr'><strong><em>ἀπορειν</em></strong></span> <span class='ocrx_word' id='word_1_347' title='bbox 2198 2450 2393 2515; x_wconf 83' lang='lat' dir='ltr'><strong>saepius</strong></span> <span class='ocrx_word' id='word_1_348' title='bbox 2412 2465 2560 2513; x_wconf 72' lang='lat' dir='ltr'><strong>quam</strong></span> <span class='ocrx_word' id='word_1_349' title='bbox 2579 2449 2756 2508; x_wconf 83' lang='lat' dir='ltr'><strong>activa,</strong></span> 
     </span>
     <span class='ocr_line' id='line_1_52' title="bbox 1593 2531 2756 2596; baseline -0.001 -16"><span class='ocrx_word' id='word_1_350' title='bbox 1593 2531 1773 2594; x_wconf 84' lang='lat' dir='ltr'><strong>septies</strong></span> <span class='ocrx_word' id='word_1_351' title='bbox 1825 2533 1955 2581; x_wconf 87' lang='lat' dir='ltr'><strong>enim</strong></span> <span class='ocrx_word' id='word_1_352' title='bbox 2008 2531 2254 2592; x_wconf 82' lang='lat' dir='ltr'><strong>activum,</strong></span> <span class='ocrx_word' id='word_1_353' title='bbox 2300 2531 2458 2581; x_wconf 88' lang='lat' dir='ltr'><strong>decies</strong></span> <span class='ocrx_word' id='word_1_354' title='bbox 2506 2531 2756 2596; x_wconf 82' lang='lat' dir='ltr'><strong>passivum</strong></span> 
     </span>
     <span class='ocr_line' id='line_1_53' title="bbox 1593 2613 2755 2663; baseline 0.001 -2"><span class='ocrx_word' id='word_1_355' title='bbox 1593 2614 1820 2663; x_wconf 86' lang='lat' dir='ltr'><strong>occurrit.</strong></span> <span class='ocrx_word' id='word_1_356' title='bbox 1882 2613 2235 2663; x_wconf 87' lang='lat' dir='ltr'><strong>Demosthenes</strong></span> <span class='ocrx_word' id='word_1_357' title='bbox 2300 2619 2469 2663; x_wconf 86' lang='lat' dir='ltr'><strong>contra</strong></span> <span class='ocrx_word' id='word_1_358' title='bbox 2540 2613 2755 2663; x_wconf 77' lang='lat' dir='ltr'><strong>activum</strong></span> 
     </span>
     <span class='ocr_line' id='line_1_54' title="bbox 1591 2695 2750 2760; baseline 0 -17"><span class='ocrx_word' id='word_1_359' title='bbox 1591 2695 1855 2760; x_wconf 82' lang='lat' dir='ltr'><strong>praetulit,</strong></span> <span class='ocrx_word' id='word_1_360' title='bbox 1902 2696 2206 2744; x_wconf 80' lang='lat' dir='ltr'><strong>Schoemann</strong></span> <span class='ocrx_word' id='word_1_361' title='bbox 2257 2697 2320 2745; x_wconf 89' lang='lat' dir='ltr'><strong>ad</strong></span> <span class='ocrx_word' id='word_1_362' title='bbox 2362 2696 2559 2745; x_wconf 87' lang='lat' dir='ltr'><strong>Isaeum</strong></span> <span class='ocrx_word' id='word_1_363' title='bbox 2607 2695 2650 2745; x_wconf 95' lang='lat' dir='ltr'><strong>I.</strong></span> <span class='ocrx_word' id='word_1_364' title='bbox 2687 2695 2750 2744; x_wconf 89' lang='grc'><strong>39</strong></span> 
     </span>
     <span class='ocr_line' id='line_1_55' title="bbox 1592 2777 2749 2842; baseline 0.002 -17"><span class='ocrx_word' id='word_1_365' title='bbox 1592 2778 1653 2826; x_wconf 95' lang='lat' dir='ltr'><strong>de</strong></span> <span class='ocrx_word' id='word_1_366' title='bbox 1697 2777 1976 2827; x_wconf 87' lang='lat' dir='ltr'><strong>discrimine</strong></span> <span class='ocrx_word' id='word_1_367' title='bbox 2009 2777 2136 2826; x_wconf 86' lang='lat' dir='ltr'><strong>inter</strong></span> <span class='ocrx_word' id='word_1_368' title='bbox 2169 2778 2384 2827; x_wconf 83' lang='lat' dir='ltr'><strong>activum</strong></span> <span class='ocrx_word' id='word_1_369' title='bbox 2418 2783 2469 2827; x_wconf 86' lang='lat' dir='ltr'><strong>et</strong></span> <span class='ocrx_word' id='word_1_370' title='bbox 2500 2778 2749 2842; x_wconf 71' lang='lat' dir='ltr'><strong>passivum</strong></span> 
     </span>
     <span class='ocr_line' id='line_1_56' title="bbox 1592 2858 2748 2925; baseline -0.002 -16"><span class='ocrx_word' id='word_1_371' title='bbox 1592 2859 1789 2911; x_wconf 86' lang='lat' dir='ltr'><strong>disserit</strong></span> <span class='ocrx_word' id='word_1_372' title='bbox 1832 2860 1948 2910; x_wconf 90' lang='lat' dir='ltr'><strong>coll.</strong></span> <span class='ocrx_word' id='word_1_373' title='bbox 1991 2858 2201 2925; x_wconf 83' lang='lat' dir='ltr'><strong>Hesych.</strong></span> <span class='ocrx_word' id='word_1_374' title='bbox 2248 2876 2286 2908; x_wconf 87' lang='lat' dir='ltr'><strong>s.</strong></span> <span class='ocrx_word' id='word_1_375' title='bbox 2305 2875 2352 2909; x_wconf 79' lang='lat' dir='ltr'><strong>V.</strong></span> <span class='ocrx_word' id='word_1_376' title='bbox 2397 2865 2448 2909; x_wconf 89' lang='lat' dir='ltr'><strong>et</strong></span> <span class='ocrx_word' id='word_1_377' title='bbox 2486 2859 2613 2909; x_wconf 90' lang='lat' dir='ltr'><strong>Poll.</strong></span> <span class='ocrx_word' id='word_1_378' title='bbox 2650 2859 2748 2909; x_wconf 89' lang='lat'><strong>111.</strong></span> 
     </span>
     <span class='ocr_line' id='line_1_57' title="bbox 1594 2941 2746 3002; baseline 0.001 -12"><span class='ocrx_word' id='word_1_379' title='bbox 1594 2942 1709 2992; x_wconf 90' lang='lat'><strong>111.</strong></span> <span class='ocrx_word' id='word_1_380' title='bbox 1744 2942 1982 3002; x_wconf 85' lang='lat' dir='ltr'><strong>„Videtur</strong></span> <span class='ocrx_word' id='word_1_381' title='bbox 2014 2943 2107 2991; x_wconf 89' lang='lat' dir='ltr'><strong>hoc</strong></span> <span class='ocrx_word' id='word_1_382' title='bbox 2142 2941 2265 2991; x_wconf 91' lang='lat' dir='ltr'><strong>olim</strong></span> <span class='ocrx_word' id='word_1_383' title='bbox 2301 2941 2453 2991; x_wconf 72' lang='lat' dir='ltr'><strong>fuisse</strong></span> <span class='ocrx_word' id='word_1_384' title='bbox 2488 2941 2746 2991; x_wconf 79' lang='lat' dir='ltr'><strong>discrimen</strong></span> 
     </span>
     <span class='ocr_line' id='line_1_58' title="bbox 1592 3024 2748 3083; baseline 0.002 -11"><span class='ocrx_word' id='word_1_385' title='bbox 1592 3026 1654 3074; x_wconf 85' lang='lat' dir='ltr'><strong>ab</strong></span> <span class='ocrx_word' id='word_1_386' title='bbox 1717 3024 2098 3076; x_wconf 72' lang='lat' dir='ltr'><strong>accuratioribus</strong></span> <span class='ocrx_word' id='word_1_387' title='bbox 2149 3024 2422 3074; x_wconf 84' lang='lat' dir='ltr'><strong>oratoribus</strong></span> <span class='ocrx_word' id='word_1_388' title='bbox 2473 3031 2748 3083; x_wconf 79' lang='lat' dir='ltr'><strong>servatum,</strong></span> 
     </span>
     <span class='ocr_line' id='line_1_59' title="bbox 1590 3106 2746 3172; baseline -0.001 -17"><span class='ocrx_word' id='word_1_389' title='bbox 1590 3112 1648 3157; x_wconf 90' lang='lat' dir='ltr'><strong>ut</strong></span> <span class='ocrx_word' id='word_1_390' title='bbox 1697 3106 1985 3170; x_wconf 74' lang='grc' dir='ltr'><strong><em>ἀπορεισθαι</em></strong></span> <span class='ocrx_word' id='word_1_391' title='bbox 2039 3107 2081 3157; x_wconf 86' lang='lat' dir='ltr'><strong>is</strong></span> <span class='ocrx_word' id='word_1_392' title='bbox 2130 3106 2441 3172; x_wconf 82' lang='lat' dir='ltr'><strong>potissimum</strong></span> <span class='ocrx_word' id='word_1_393' title='bbox 2491 3107 2746 3164; x_wconf 85' lang='lat' dir='ltr'><strong>diceretur,</strong></span> 
     </span>
     <span class='ocr_line' id='line_1_60' title="bbox 1592 3188 2750 3254; baseline -0.002 -15"><span class='ocrx_word' id='word_1_394' title='bbox 1592 3206 1737 3254; x_wconf 88' lang='lat' dir='ltr'><strong>quem</strong></span> <span class='ocrx_word' id='word_1_395' title='bbox 1771 3196 1930 3241; x_wconf 86' lang='lat' dir='ltr'><strong>status</strong></span> <span class='ocrx_word' id='word_1_396' title='bbox 1963 3205 2124 3239; x_wconf 84' lang='lat' dir='ltr'><strong>rerum</strong></span> <span class='ocrx_word' id='word_1_397' title='bbox 2156 3195 2206 3239; x_wconf 87' lang='lat' dir='ltr'><strong>et</strong></span> <span class='ocrx_word' id='word_1_398' title='bbox 2238 3188 2452 3239; x_wconf 89' lang='lat' dir='ltr'><strong>conditio</strong></span> <span class='ocrx_word' id='word_1_399' title='bbox 2488 3189 2538 3237; x_wconf 86' lang='lat' dir='ltr'><strong>in</strong></span> <span class='ocrx_word' id='word_1_400' title='bbox 2578 3205 2750 3252; x_wconf 82' lang='lat' dir='ltr'><strong>angus-</strong></span> 
     </span>
     <span class='ocr_line' id='line_1_61' title="bbox 1588 3270 2749 3336; baseline -0.002 -14"><span class='ocrx_word' id='word_1_401' title='bbox 1588 3272 1686 3322; x_wconf 81' lang='lat' dir='ltr'><strong>tias</strong></span> <span class='ocrx_word' id='word_1_402' title='bbox 1715 3273 2026 3331; x_wconf 84' lang='lat' dir='ltr'><strong>coniecisset,</strong></span> <span class='ocrx_word' id='word_1_403' title='bbox 2052 3270 2248 3333; x_wconf 76' lang='grc' dir='ltr'><strong><em>ἀπορειν</em></strong></span> <span class='ocrx_word' id='word_1_404' title='bbox 2279 3277 2444 3321; x_wconf 86' lang='lat' dir='ltr'><strong>autem</strong></span> <span class='ocrx_word' id='word_1_405' title='bbox 2462 3271 2749 3336; x_wconf 86' lang='lat' dir='ltr'><strong>simpliciter</strong></span> 
     </span>
     <span class='ocr_line' id='line_1_62' title="bbox 1589 3353 2752 3420; baseline 0 -17"><span class='ocrx_word' id='word_1_406' title='bbox 1589 3361 1717 3405; x_wconf 88' lang='lat' dir='ltr'><strong>esset</strong></span> <span class='ocrx_word' id='word_1_407' title='bbox 1743 3355 1938 3420; x_wconf 88' lang='lat' dir='ltr'><strong>inopem</strong></span> <span class='ocrx_word' id='word_1_408' title='bbox 1968 3370 2098 3414; x_wconf 86' lang='lat' dir='ltr'><strong>esse,</strong></span> <span class='ocrx_word' id='word_1_409' title='bbox 2127 3353 2419 3403; x_wconf 33' lang='lat' dir='ltr'><strong>haesitare&amp;</strong></span> <span class='ocrx_word' id='word_1_410' title='bbox 2442 3355 2502 3403; x_wconf 78' lang='lat' dir='ltr'><strong>cf.</strong></span> <span class='ocrx_word' id='word_1_411' title='bbox 2522 3353 2752 3417; x_wconf 81' lang='lat' dir='ltr'><strong>Lortzing</strong></span> 
     </span>
     <span class='ocr_line' id='line_1_63' title="bbox 1590 3438 1787 3501; baseline 0.006 -1"><span class='ocrx_word' id='word_1_412' title='bbox 1590 3452 1671 3501; x_wconf 74' lang='lat' dir='ltr'><strong>1&gt;ss</strong></span> <span class='ocrx_word' id='word_1_413' title='bbox 1708 3438 1787 3487; x_wconf 79' lang='lat'><strong>⁵⁹</strong></span> 
     </span>
    </p>

    <p class='ocr_par' dir='ltr' id='par_1_9' title="bbox 1585 3517 2748 3746">
     <span class='ocr_line' id='line_1_64' title="bbox 1655 3517 2748 3584; baseline -0.002 -15"><span class='ocrx_word' id='word_1_414' title='bbox 1655 3518 1918 3580; x_wconf 74' lang='grc' dir='ltr'><strong><em>ἅπορειται</em></strong></span> <span class='ocrx_word' id='word_1_415' title='bbox 1953 3518 2149 3584; x_wconf 87' lang='lat' dir='ltr'><strong>impers.</strong></span> <span class='ocrx_word' id='word_1_416' title='bbox 2183 3523 2471 3582; x_wconf 84' lang='lat' dir='ltr'><strong>usurpatum</strong></span> <span class='ocrx_word' id='word_1_417' title='bbox 2506 3517 2748 3582; x_wconf 76' lang='lat' dir='ltr'><strong>significat</strong></span> 
     </span>
     <span class='ocr_line' id='line_1_65' title="bbox 1586 3598 2745 3665; baseline -0.001 -15"><span class='ocrx_word' id='word_1_418' title='bbox 1586 3600 1851 3665; x_wconf 68' lang='lat' dir='ltr'><strong>quaer-stur,</strong></span> <span class='ocrx_word' id='word_1_419' title='bbox 1914 3600 1975 3648; x_wconf 76' lang='grc' dir='ltr'><strong>τὸ</strong></span> <span class='ocrx_word' id='word_1_420' title='bbox 2039 3598 2369 3662; x_wconf 75' lang='grc' dir='ltr'><strong><em>ἀπορούμενον</em></strong></span> <span class='ocrx_word' id='word_1_421' title='bbox 2422 3604 2745 3664; x_wconf 58' lang='lat' dir='ltr'><strong>argumentum</strong></span> 
     </span>
     <span class='ocr_line' id='line_1_66' title="bbox 1585 3681 2580 3746; baseline 0.001 -17"><span class='ocrx_word' id='word_1_422' title='bbox 1585 3681 1916 3746; x_wconf 57' lang='lat' dir='ltr'><strong>inquisitionis</strong></span> <span class='ocrx_word' id='word_1_423' title='bbox 1950 3683 2014 3731; x_wconf 83' lang='lat' dir='ltr'><strong>cf.</strong></span> <span class='ocrx_word' id='word_1_424' title='bbox 2052 3683 2181 3732; x_wconf 89' lang='lat' dir='ltr'><strong>Plat.</strong></span> <span class='ocrx_word' id='word_1_425' title='bbox 2217 3681 2367 3745; x_wconf 85' lang='lat' dir='ltr'><strong>Sopb.</strong></span> <span class='ocrx_word' id='word_1_426' title='bbox 2404 3682 2501 3730; x_wconf 83' lang='lat'><strong>243</strong></span> <span class='ocrx_word' id='word_1_427' title='bbox 2521 3682 2580 3731; x_wconf 92' lang='grc' dir='ltr'>Β.</span> 
     </span>
    </p>

    <p class='ocr_par' dir='ltr' id='par_1_10' title="bbox 1584 3757 2745 4069">
     <span class='ocr_line' id='line_1_67' title="bbox 1655 3757 2745 3826; baseline -0.001 -13"><span class='ocrx_word' id='word_1_428' title='bbox 1655 3765 1763 3826; x_wconf 90' lang='grc'><strong>948</strong></span> <span class='ocrx_word' id='word_1_429' title='bbox 1797 3781 1874 3812; x_wconf 87' lang='grc' dir='ltr'><strong>συ</strong></span> <span class='ocrx_word' id='word_1_430' title='bbox 1909 3757 2015 3811; x_wconf 71' lang='grc' dir='ltr'><strong><em>οὖν</em></strong></span> <span class='ocrx_word' id='word_1_431' title='bbox 2049 3764 2159 3812; x_wconf 78' lang='grc' dir='ltr'><strong><em>τὸν</em></strong></span> <span class='ocrx_word' id='word_1_432' title='bbox 2195 3766 2402 3812; x_wconf 74' lang='grc' dir='ltr'><strong><em>πλοῦν</em></strong></span> <span class='ocrx_word' id='word_1_433' title='bbox 2433 3758 2622 3812; x_wconf 71' lang='grc' dir='ltr'><strong><em>οἶσθα</em></strong></span> <span class='ocrx_word' id='word_1_434' title='bbox 2650 3760 2745 3825; x_wconf 75' lang='grc' dir='ltr'><strong>ἐφ’</strong></span> 
     </span>
     <span class='ocr_line' id='line_1_68' title="bbox 1588 3842 2742 3909; baseline -0.001 -16"><span class='ocrx_word' id='word_1_435' title='bbox 1588 3843 1617 3893; x_wconf 76' lang='lat'><em>8</em></span> <span class='ocrx_word' id='word_1_436' title='bbox 1659 3863 1724 3893; x_wconf 76' lang='grc' dir='ltr'><strong>τι</strong></span> <span class='ocrx_word' id='word_1_437' title='bbox 1771 3843 1990 3909; x_wconf 82' lang='grc' dir='ltr'><strong><em>πλεις]</em></strong></span> <span class='ocrx_word' id='word_1_438' title='bbox 2035 3847 2098 3895; x_wconf 84' lang='lat' dir='ltr'><strong>cf.</strong></span> <span class='ocrx_word' id='word_1_439' title='bbox 2145 3845 2208 3894; x_wconf 89' lang='lat' dir='ltr'><strong>ad</strong></span> <span class='ocrx_word' id='word_1_440' title='bbox 2255 3844 2329 3906; x_wconf 79' lang='lat'><strong>§2</strong></span> <span class='ocrx_word' id='word_1_441' title='bbox 2375 3842 2626 3906; x_wconf 65' lang='grc' dir='ltr'><strong><em>διηγῶμαι</em></strong></span> <span class='ocrx_word' id='word_1_442' title='bbox 2673 3845 2742 3893; x_wconf 78' lang='grc' dir='ltr'><strong>τά</strong></span> 
     </span>
     <span class='ocr_line' id='line_1_69' title="bbox 1586 3923 2744 3986; baseline 0 -12"><span class='ocrx_word' id='word_1_443' title='bbox 1586 3943 1647 3975; x_wconf 75' lang='grc' dir='ltr'><strong>τε</strong></span> <span class='ocrx_word' id='word_1_444' title='bbox 1687 3924 2005 3986; x_wconf 72' lang='grc' dir='ltr'><strong><em>ἀναλώματα</em></strong></span> <span class='ocrx_word' id='word_1_445' title='bbox 2040 3923 2147 3975; x_wconf 61' lang='lat' dir='ltr'><strong>xri.</strong></span> <span class='ocrx_word' id='word_1_446' title='bbox 2197 3926 2270 3975; x_wconf 92' lang='lat' dir='ltr'><strong>De</strong></span> <span class='ocrx_word' id='word_1_447' title='bbox 2305 3926 2515 3976; x_wconf 85' lang='lat' dir='ltr'><strong>transitu</strong></span> <span class='ocrx_word' id='word_1_448' title='bbox 2555 3926 2605 3975; x_wconf 88' lang='lat' dir='ltr'><strong>in</strong></span> <span class='ocrx_word' id='word_1_449' title='bbox 2642 3943 2744 3976; x_wconf 77' lang='lat' dir='ltr'><strong>ora-</strong></span> 
     </span>
     <span class='ocr_line' id='line_1_70' title="bbox 1584 4009 2393 4069; baseline -0.001 -11"><span class='ocrx_word' id='word_1_450' title='bbox 1584 4009 1769 4059; x_wconf 89' lang='lat' dir='ltr'><strong>tionem</strong></span> <span class='ocrx_word' id='word_1_451' title='bbox 1803 4009 2039 4058; x_wconf 81' lang='lat' dir='ltr'><strong>directam</strong></span> <span class='ocrx_word' id='word_1_452' title='bbox 2073 4011 2135 4059; x_wconf 84' lang='lat' dir='ltr'><strong>cf.</strong></span> <span class='ocrx_word' id='word_1_453' title='bbox 2171 4009 2234 4058; x_wconf 90' lang='lat' dir='ltr'><strong>ad</strong></span> <span class='ocrx_word' id='word_1_454' title='bbox 2270 4009 2393 4069; x_wconf 82' lang='grc'><strong>926.</strong></span> 
     </span>
    </p>

    <p class='ocr_par' dir='ltr' id='par_1_11' title="bbox 1585 4083 2739 4387">
     <span class='ocr_line' id='line_1_71' title="bbox 1655 4083 2739 4153; baseline -0.004 -14"><span class='ocrx_word' id='word_1_455' title='bbox 1655 4088 1852 4151; x_wconf 71' lang='grc' dir='ltr'><strong><em>ἄνδρα</em></strong></span> <span class='ocrx_word' id='word_1_456' title='bbox 1914 4089 2211 4153; x_wconf 72' lang='grc' dir='ltr'><strong><em>Φυγάδα,</em></strong></span> <span class='ocrx_word' id='word_1_457' title='bbox 2280 4083 2348 4138; x_wconf 75' lang='grc' dir='ltr'><strong>οὗ</strong></span> <span class='ocrx_word' id='word_1_458' title='bbox 2416 4086 2739 4145; x_wconf 76' lang='grc' dir='ltr'><strong><em>Ἀθηναῖοι</em></strong></span> 
     </span>
     <span class='ocr_line' id='line_1_72' title="bbox 1586 4170 2745 4233; baseline -0.001 -12"><span class='ocrx_word' id='word_1_459' title='bbox 1586 4172 1863 4222; x_wconf 68' lang='grc' dir='ltr'><strong><em>θάνατον</em></strong></span> <span class='ocrx_word' id='word_1_460' title='bbox 1962 4170 2065 4232; x_wconf 78' lang='grc' dir='ltr'><strong>δις</strong></span> <span class='ocrx_word' id='word_1_461' title='bbox 2151 4170 2745 4233; x_wconf 75' lang='grc' dir='ltr'><strong><em>κατεψηφίσαντο,</em></strong></span> 
     </span>
     <span class='ocr_line' id='line_1_73' title="bbox 1588 4252 2739 4320; baseline -0.003 -16"><span class='ocrx_word' id='word_1_462' title='bbox 1588 4255 2131 4320; x_wconf 73' lang='grc' dir='ltr'><strong><em>Καλλίστρατον]</em></strong></span> <span class='ocrx_word' id='word_1_463' title='bbox 2176 4255 2239 4304; x_wconf 77' lang='lat' dir='ltr'><strong>cf.</strong></span> <span class='ocrx_word' id='word_1_464' title='bbox 2284 4255 2347 4304; x_wconf 90' lang='lat' dir='ltr'><strong>ad</strong></span> <span class='ocrx_word' id='word_1_465' title='bbox 2382 4253 2504 4315; x_wconf 89' lang='grc'><strong>946.</strong></span> <span class='ocrx_word' id='word_1_466' title='bbox 2539 4253 2613 4303; x_wconf 92' lang='lat' dir='ltr'><strong>De</strong></span> <span class='ocrx_word' id='word_1_467' title='bbox 2649 4252 2739 4301; x_wconf 86' lang='lat' dir='ltr'><strong>illa</strong></span> 
     </span>
     <span class='ocr_line' id='line_1_74' title="bbox 1585 4335 2461 4387; baseline -0.002 -2"><span class='ocrx_word' id='word_1_468' title='bbox 1585 4337 1796 4386; x_wconf 88' lang='lat' dir='ltr'><strong>secunda</strong></span> <span class='ocrx_word' id='word_1_469' title='bbox 1833 4335 2025 4386; x_wconf 87' lang='lat' dir='ltr'><strong>actione</strong></span> <span class='ocrx_word' id='word_1_470' title='bbox 2058 4337 2130 4387; x_wconf 88' lang='lat' dir='ltr'><strong>nil</strong></span> <span class='ocrx_word' id='word_1_471' title='bbox 2163 4341 2332 4385; x_wconf 85' lang='lat' dir='ltr'><strong>notum</strong></span> <span class='ocrx_word' id='word_1_472' title='bbox 2371 4340 2461 4384; x_wconf 87' lang='lat' dir='ltr'><strong>est.</strong></span> 
     </span>
    </p>

    <p class='ocr_par' dir='ltr' id='par_1_12' title="bbox 1584 4414 2743 4723">
     <span class='ocr_line' id='line_1_75' title="bbox 1652 4414 2740 4483; baseline -0.002 -17"><span class='ocrx_word' id='word_1_473' title='bbox 1652 4415 1745 4475; x_wconf 72' lang='grc' dir='ltr'><strong>εἷς</strong></span> <span class='ocrx_word' id='word_1_474' title='bbox 1820 4414 2066 4483; x_wconf 73' lang='grc' dir='ltr'><strong><em>Θάσον]</em></strong></span> <span class='ocrx_word' id='word_1_475' title='bbox 2149 4416 2462 4467; x_wconf 69' lang='lat' dir='ltr'><strong>Callistratus</strong></span> <span class='ocrx_word' id='word_1_476' title='bbox 2525 4417 2740 4466; x_wconf 77' lang='lat' dir='ltr'><strong>Thasum</strong></span> 
     </span>
     <span class='ocr_line' id='line_1_76' title="bbox 1584 4497 2743 4564; baseline -0.003 -14"><span class='ocrx_word' id='word_1_477' title='bbox 1584 4501 1804 4564; x_wconf 80' lang='lat' dir='ltr'><strong>pervenit</strong></span> <span class='ocrx_word' id='word_1_478' title='bbox 1839 4497 1923 4546; x_wconf 91' lang='lat' dir='ltr'><strong>Ol.</strong></span> <span class='ocrx_word' id='word_1_479' title='bbox 1961 4500 2072 4550; x_wconf 91' lang='grc'>105.</span> <span class='ocrx_word' id='word_1_480' title='bbox 2096 4500 2139 4548; x_wconf 92' lang='grc'><strong>1.</strong></span> <span class='ocrx_word' id='word_1_481' title='bbox 2175 4497 2334 4561; x_wconf 85' lang='lat' dir='ltr'><strong>(initio</strong></span> <span class='ocrx_word' id='word_1_482' title='bbox 2371 4499 2505 4560; x_wconf 83' lang='grc'><strong>360),</strong></span> <span class='ocrx_word' id='word_1_483' title='bbox 2544 4498 2743 4563; x_wconf 79' lang='lat' dir='ltr'><strong>Apollo·</strong></span> 
     </span>
     <span class='ocr_line' id='line_1_77' title="bbox 1585 4580 2741 4647; baseline -0.003 -15"><span class='ocrx_word' id='word_1_484' title='bbox 1585 4584 1731 4632; x_wconf 82' lang='lat' dir='ltr'><strong>dorus</strong></span> <span class='ocrx_word' id='word_1_485' title='bbox 1759 4582 1890 4632; x_wconf 84' lang='lat' dir='ltr'><strong>enim</strong></span> <span class='ocrx_word' id='word_1_486' title='bbox 1913 4581 2014 4631; x_wconf 83' lang='lat' dir='ltr'><strong>iam</strong></span> <span class='ocrx_word' id='word_1_487' title='bbox 2034 4582 2146 4647; x_wconf 81' lang='lat' dir='ltr'><strong>plus</strong></span> <span class='ocrx_word' id='word_1_488' title='bbox 2164 4596 2310 4644; x_wconf 87' lang='lat' dir='ltr'><strong>quam</strong></span> <span class='ocrx_word' id='word_1_489' title='bbox 2327 4580 2536 4631; x_wconf 79' lang='lat' dir='ltr'><strong>sedecim</strong></span> <span class='ocrx_word' id='word_1_490' title='bbox 2553 4597 2741 4629; x_wconf 81' lang='lat' dir='ltr'><strong>menses</strong></span> 
     </span>
     <span class='ocr_line' id='line_1_78' title="bbox 1585 4662 2739 4723; baseline -0.004 -9"><span class='ocrx_word' id='word_1_491' title='bbox 1585 4663 1841 4714; x_wconf 83' lang='lat' dir='ltr'><strong>trierarchi</strong></span> <span class='ocrx_word' id='word_1_492' title='bbox 1890 4678 2088 4715; x_wconf 86' lang='lat' dir='ltr'><strong>munere</strong></span> <span class='ocrx_word' id='word_1_493' title='bbox 2135 4664 2328 4712; x_wconf 75' lang='lat' dir='ltr'><strong>functus</strong></span> <span class='ocrx_word' id='word_1_494' title='bbox 2372 4669 2478 4712; x_wconf 85' lang='lat' dir='ltr'><strong>erat</strong></span> <span class='ocrx_word' id='word_1_495' title='bbox 2518 4663 2579 4711; x_wconf 78' lang='lat' dir='ltr'><strong>cf.</strong></span> <span class='ocrx_word' id='word_1_496' title='bbox 2617 4662 2739 4723; x_wconf 91' lang='grc'><strong>939.</strong></span> 
     </span>
    </p>
   </div>
  </div>
 </body>
</html>
