3350 5417
1745 586 1830 654 10

591 771 646 838 δ’
670 771 879 848 ἐπειδή
941 796 1042 851 μοι
1103 772 1209 839 ούκ
1260 767 1437 848 ἦλθον
1484 772 1536 836 οἱ
1588 775 1813 837 ναῦται
1863 771 1914 835 οἱ
1963 769 2431 851 καταλεγέντες
2482 770 2598 837 ὑπὸ
2645 777 2769 837 τῶν
2824 771 3049 849 δημο-

591 883 731 956 τῶν,
780 877 935 942 ἀλλ’
983 877 1016 954 ἢ
1069 878 1264 955 ὀλίγοι
1324 876 1428 943 καὶ
1478 873 1636 942 οὗτοι
1688 875 2016 954 ἀδύνατοι,
2067 877 2319 952 τούτους
2367 876 2480 956 μὲν
2531 877 2762 958 άφῆκα
2788 925 2807 956 ,
2869 878 3050 943 ὑπο-

591 983 712 1055 θεὶς
756 982 819 1049 δὲ
864 985 976 1057 τὴν
1022 983 1235 1048 οὐσίαν
1282 984 1393 1056 τὴν
1439 983 1718 1060 ἐμαυτοῦ
1768 982 1870 1047 καὶ
1924 981 2362 1059 δανεισάμενος
2403 981 2707 1065 ἀργύριον,
2750 989 3042 1063 πρῶτος

594 1089 1047 1167 ἐπληρωσάμην
1106 1091 1218 1164 την
1279 1093 1449 1167 ναῦν,
1503 1087 1968 1166 μισθωσάμενος
2018 1086 2255 1161 ναύτας
2303 1090 2380 1161 ὥς
2429 1084 2547 1154 οἶόν
2595 1091 2655 1153 τ’
2703 1083 2774 1163 ἦν
2830 1090 3045 1171 ἀρίσ-

592 1217 767 1270 τους,
833 1194 1081 1276 δωρειάς
1143 1195 1251 1260 καὶ
1316 1193 1645 1274 προδόσεις
1689 1193 1822 1265 δοὺς
1872 1192 2111 1276 ἑκάστῳ
2159 1196 2359 1261 αὐτῶν
2404 1194 2730 1274 μεγάλας.
2788 1193 2892 1261 ἔτι
2964 1194 3042 1261 δὲ

591 1298 870 1365 σκεύεσιν
910 1289 1097 1375 ’ἰδίοις
1162 1302 1272 1377 την
1334 1305 1480 1366 ναῦν
1544 1297 1750 1366 ἅπασι
1813 1301 2296 1380 κατεσκεύασα,
2359 1301 2465 1366 καὶ
2518 1308 2637 1366 τῶν
2685 1299 3042 1378 δημοσίων
3103 1330 3112 1338 ·

663 1497 826 1547 ἅπασι
860 1501 931 1550 A:
978 1499 1198 1549 ἅπασαν.
1231 1524 1300 1539 --

662 1669 910 1740 ἐπειδή]
946 1676 1009 1724 cf.
1042 1674 1106 1723 ad
1141 1678 1163 1737 5
1200 1674 1280 1724 24.

662 1753 770 1803 οῦκ
815 1753 999 1813 ἦλθον
1044 1757 1109 1806 οι*
1147 1758 1380 1805 ναῦται
1426 1780 1496 1793 -
1540 1753 1685 1804 ἀλλ’
1718 1753 1748 1812 ἢ

1829 1672 2009 1737 Phi-yn.
2044 1688 2126 1737 pg.
2152 1670 2250 1723 467
2282 1687 2353 1735 sq.
2386 1671 2667 1720 auctoribus
2695 1671 2817 1721 Lex.
2851 1672 3041 1725 Rhet.

1828 1754 1981 1804 Bekk.
2027 1770 2108 1819 pg.
2153 1754 2268 1813 239,
2312 1753 2475 1819 Etym.
2530 1753 2700 1818 Magn.
2742 1770 2830 1819 pg.
2883 1755 3038 1807 248.

596 1835 621 1884 ὖ
634 1845 667 1885 λ
680 1835 705 1883 ί
708 1853 783 1899 ’γο
798 1837 839 1902 ι]
871 1839 934 1888 cf.
962 1839 1020 1888 de
1039 1838 1222 1903 origine
1240 1838 1386 1887 huius
1406 1837 1597 1886 dicendi
1615 1836 1750 1887 modi
1829 1837 1909 1893 23,
1942 1835 2155 1886 Eustath
2185 1852 2265 1902 ΡΒ.
2287 1835 2434 1888 1807.
2453 1834 2499 1895 7,
2518 1836 2669 1886 etiam
2690 1836 2880 1885 Pollux
2906 1838 3036 1888 111.

593 1915 903 1968 οὒκ-ἀλλ’
933 1918 962 1976 ἥ
989 1920 1192 1970 Kiihner
1220 1921 1473 1984 (Gramm.)
1500 1919 1581 1967 11⁸
1616 1919 1646 1968 2
1665 1935 1746 1984 pg.
1828 1919 1908 1978 85,
1954 1919 2085 1983 apud
2132 1919 2391 1983 scriptores
2436 1933 2535 1967 non
2571 1918 2762 1978 inveni,
2801 1935 3037 1985 semper

595 2000 693 2049 824
722 2002 751 2050 6
782 2018 823 2051 e.
849 2018 928 2052 an.
959 2003 1006 2062 3,
1038 2005 1071 2051 4
1099 2008 1148 2052 et
1168 2003 1213 2063 5,
1231 2002 1359 2051 redit
1375 2002 1544 2052 eadem
1563 2002 1749 2051 eonfor-

592 2083 744 2132 matio
787 2087 809 2146 5
845 2085 907 2133 14
941 2083 1024 2133 καὶ
1061 2082 1236 2146 μίσθος
1271 2082 1358 2134 οὐκ
1390 2081 1603 2140 ἀπεδόθη
1637 2084 1747 2141 τοῖς

593 2164 934 2226 στρατιώταις
964 2165 1086 2215 ἀλλ’
1114 2164 1144 2223 ἢ
1175 2161 1305 2215 δυοῗν
1336 2166 1529 2227 μηνοῖν,
1559 2170 1609 2214 et
1637 2166 1745 2227 §60

591 2245 726 2295 ὥστε
778 2247 847 2308 μὴ
893 2246 1129 2296 δύνασθαι
1173 2246 1255 2297 ’έτι
1303 2245 1460 2305 αὐτὴν
1505 2244 1744 2309 βοηθῆσαι

591 2325 697 2385 τοῖς
728 2327 866 2390 ἐμοῖς
894 2327 1188 2392 πράγμασιν
1220 2328 1550 2390 ἀνηλωμένοις
1573 2328 1696 2378 ἀλλ’
1714 2327 1745 2386 ³3

591 2409 821 2474 βραχέα,
849 2412 1023 2476 quibus
1050 2412 1173 2461 loeis
1203 2412 1328 2462 ἀλλ’
1345 2409 1376 2469 ἥ
1392 2411 1616 2475 congruit
1633 2427 1745 2460 eum

589 2491 739 2549 πλήν.
799 2494 859 2542 In
913 2493 1025 2542 aliis
1085 2482 1407 2543 orationibus
1442 2492 1743 2558 Apollodoro

588 2574 786 2624 tributis
819 2591 1059 2639 nusquam
1085 2575 1212 2624 hanc
1234 2576 1495 2625 formulam
1512 2576 1744 2626 invenies.

655 2656 933 2706 Admodum
953 2663 1118 2706 tamen
1142 2658 1416 2723 frequenter
1438 2659 1488 2707 in
1512 2658 1746 2708 antithesi

590 2744 753 2788 noster
786 2738 1209 2789 coniunctionibus
1244 2740 1402 2788 utitur
1428 2737 1513 2788 οὐκ
1541 2739 1649 2803 (μῆ)
1677 2766 1746 2779 --

589 2819 729 2869 ἀλλά
758 2818 866 2883 (δέ),
884 2821 936 2869 in
952 2821 1045 2870 hae
1064 2821 1282 2871 oratione
1304 2821 1528 2871 undecies
1541 2860 1555 2881 ,
1571 2838 1744 2886 nempe

591 2906 639 2965 §5
687 2904 734 2962 4,
782 2902 863 2961 23,
899 2903 978 2962 38,
1013 2904 1095 2962 44,
1130 2905 1211 2962 45,
1250 2904 1329 2962 51,
1364 2903 1444 2963 61,
1479 2903 1559 2963 63,
1596 2903 1658 2952 66
1696 2909 1745 2953 et

588 2983 652 3036 67
687 2986 748 3033 ef.
784 3000 927 3049 porro
961 2984 1091 3034 Uhle
1124 2984 1198 3035 1.1.
1233 3001 1314 3049 pg.
1349 2986 1432 3035 91.

655 3068 718 3115 οἱ
766 3066 1260 3130 καταλεγέντες
1321 3065 1435 3115 ὑπὸ
1484 3070 1606 3115 τῶν
1652 3064 1743 3125 δη·

590 3154 757 3208 μοτῶ
773 3149 819 3214 ν]
872 3149 996 3198 Cum
1045 3165 1190 3214 supra
1238 3149 1415 3198 dixerit
1452 3155 1639 3210 orator,
1675 3167 1745 3200 se·

586 3231 839 3279 natoribus
868 3238 916 3281 et
948 3232 1218 3281 demarchis
1248 3247 1305 3281 ex
1335 3231 1591 3295 plebiscito
1610 3248 1744 3282 man·

587 3312 756 3361 datum
792 3313 958 3374 fuisse,
988 3314 1182 3363 tabulas
1212 3314 1443 3362 conficere
1471 3318 1568 3361 τῶν
1598 3311 1744 3375 δημο-

586 3398 712 3454 τῶν,
765 3395 858 3443 hoe
906 3395 1016 3444 loeo
1061 3411 1149 3460 pro
1200 3393 1427 3455 δημοτῶν
1472 3393 1741 3458 δημάρχων

584 3477 891 3526 scribendum
923 3494 1025 3527 esse
1059 3476 1183 3526 mihi
1217 3482 1422 3526 constat.

639 3557 739 3607 καὶ
766 3551 829 3606 οὗ
837 3558 954 3624 τοι]
966 3563 1013 3607 et
1030 3559 1083 3607 hi
1099 3559 1303 3623 quidem,
1320 3559 1449 3622 iique
1467 3560 1529 3608 of.
1541 3559 1742 3610 Kiihner

586 3642 839 3703 (Gramm.)
850 3641 930 3690 11²
947 3658 1026 3707 pg.
1045 3640 1157 3701 557,
1172 3642 1201 3690 8
1221 3647 1270 3691 et
1286 3641 1474 3705 Kriiger
1483 3641 1742 3706 (Spraohl.)

587 3728 609 3786 ς
642 3724 721 3784 51,
757 3722 803 3783 7,
840 3741 884 3773 a.
921 3724 1003 3774 18.

656 3804 884 3855 ὁποθεί
890 3806 938 3872 ς]
983 3803 1267 3855 ὑποτιθέναι
1318 3811 1392 3855 est
1413 3806 1743 3870 fundamenta

581 3888 766 3949 iacere,
813 3894 863 3938 et
895 3887 1094 3953 piqnori
1126 3888 1244 3936 dare
1254 3909 1273 3945 ;
1310 3887 1460 3937 etiam
1492 3890 1741 3961 metapho-

584 3972 680 4021 rice
723 3977 987 4036 usurpatur
1033 3972 1097 4020 ef.
1143 3970 1284 4019 Dem.
1330 3970 1462 4031 XIX,
1503 3971 1616 4031 252,
1650 3973 1739 4021 τὸν

575 4051 703 4103 ’ίδιον
737 4052 950 4103 κίνδυνον
984 4051 1206 4113 ὖποθείς,
1240 4069 1327 4103 cuo
1355 4054 1592 4117 periculo.

650 4135 863 4185 Verbum
927 4135 1144 4185 medium
1217 4135 1459 4200 siguificat
1510 4137 1739 4197 suadere,

569 4234 750 4283 ponere
782 4225 832 4267 et
855 4218 1034 4282 piqnus
1068 4218 1308 4282 accipere,
1338 4219 1491 4268 subet.
1522 4216 1736 4276 ὑποθήκη

581 4301 854 4360 consilium,
878 4300 1072 4365 piqnus.

649 4379 946 4448 δανείζω]
1001 4389 1074 4433 est
1111 4386 1321 4431 mutuum
1359 4383 1493 4443 dare,
1539 4379 1739 4431 δανεί-

583 4463 619 4529 ζ
630 4480 781 4525 ομαι
829 4469 1040 4514 mutuum
1087 4481 1296 4525 sumere,
1331 4466 1390 4514 cf.
1429 4464 1608 4514 Pollux
1641 4463 1739 4513 ΠΙ.

580 4547 669 4597 843
708 4544 946 4604 ύποθῆκην
982 4544 1075 4605 θεῖς
1105 4546 1130 4595 ὁ
1160 4544 1530 4612 δανειζόμενος,
1562 4542 1739 4602 amoa-

581 4647 665 4687 κην
702 4626 897 4690 θέμενος
932 4628 957 4677 ὁ
994 4627 1245 4693 δανείζων.
1283 4628 1629 4678 Confusionem
1663 4644 1741 4676 ae-

580 4711 674 4760 tivi
730 4716 780 4759 et
831 4711 1011 4771 medii,
1063 4726 1210 4774 quam
1259 4711 1382 4760 citat
1430 4709 1625 4759 Lobeck
1675 4710 1740 4758 ad

1824 2000 1946 2049 bene
1994 2000 2301 2064 distinguunt
2350 2002 2425 2050 eff.
2473 2017 2513 2049 e.
2565 2017 2612 2065 g.
2650 2004 2698 2063 55
2734 2001 2797 2049 55
2840 2007 2896 2051 et
2953 2004 3033 2053 56

1825 2082 1969 2133 huius
2005 2082 2238 2133 orationis
2273 2087 2323 2132 et
2356 2099 2426 2132 or.
2460 2082 2618 2132 XLIX
2652 2081 2861 2148 passim.

1891 2168 2139 2226 πρῶτος
2169 2162 2642 2226 ἐπληρωσάμην
2672 2163 2783 2222 τῆν
2813 2169 3032 2234 ναῦν]

1824 2247 1901 2296 his
1935 2247 2095 2296 verbis
2131 2263 2359 2311 magnam
2394 2263 2535 2296 suam
2568 2246 2887 2311 diligentiam
2936 2250 3033 2300 in-

1825 2329 1981 2388 dicat,
2028 2329 2348 2378 Athenienses
2384 2334 2550 2378 autem
2612 2329 2738 2379 hane
2782 2330 3031 2395 diligen-

1823 2411 1946 2460 tiam
1984 2412 2151 2476 magni
2179 2411 2348 2460 fecisse
2378 2417 2583 2476 apparet
2612 2428 2669 2461 ex
2700 2421 3025 2477 argumento

1823 2493 2058 2543 orationis
2091 2493 2173 2544 LI.

1892 2571 2392 2641 ἐπληρωσάμην]
2427 2591 2592 2625 navem
2632 2576 2893 2640 remiqibus
2927 2579 3024 2628 in-

1824 2662 2009 2706 struere
2039 2657 2325 2723 plerumque
2362 2663 2566 2708 vocatur
2597 2660 2811 2720 πληροῦν
2829 2696 2846 2716 ,
2873 2676 3024 2711 non-

1823 2755 2072 2803 nunquam
2116 2745 2282 2789 tamen
2331 2741 2487 2789 forma
2522 2739 2686 2789 media
2721 2748 3018 2807 usurpatur

1824 2822 1886 2871 of.
1931 2823 2046 2883 §15
2094 2826 2144 2870 et
2188 2821 2251 2870 ad
2300 2825 2322 2883 5
2358 2822 2449 2878 32,
2494 2821 2635 2872 Dem.
2684 2822 2817 2872 XXI.
2861 2824 3013 2887 154,

1824 2903 2000 2965 (Dem.)
2031 2902 2191 2953 XVII.
2209 2904 2291 2963 28,
2312 2903 2481 2953 Isaeus
2498 2904 2587 2954 XI.
2608 2904 2690 2963 48,
2708 2904 2831 2954 Xen.
2852 2905 3009 2958 Heu.

1823 2985 1907 3036 VI.
1934 2986 1980 3035 2.
2013 2987 2091 3046 14,
2122 2986 2208 3035 ubi
2226 2986 2379 3036 Cobet
2401 2987 2556 3037 edidit
2584 2982 2817 3048 ἐπλήρου,
2838 2990 3012 3039 ceteri

1823 3065 2117 3129 ἐπληροῦτο.

1889 3148 1925 3198 ὦ
1941 3167 1964 3207 ς
2002 3166 2027 3198 ο
2041 3145 2099 3198 ῖό
2109 3167 2132 3197 ν
2161 3150 2257 3215 τε]
2278 3166 2319 3199 e.
2337 3149 2645 3215 superlativo
2662 3150 2739 3200 bis
2754 3151 2850 3200 hoe
2870 3156 2909 3214 5.
2924 3155 3006 3204 of.

1820 3231 1996 3295 (Dem.)
2028 3231 2222 3281 XXXV.
2252 3232 2299 3291 6,
2317 3232 2499 3282 XLIII.
2520 3233 2602 3293 32,
2619 3232 2848 3282 XLVIII.
2869 3233 2917 3283 2.
2942 3236 3003 3286 6.

1888 3311 2180 3380 δωρειάς]
2228 3330 2327 3364 non
2375 3312 2580 3377 δωρεάς,
2624 3321 2681 3365 ut
2713 3316 2863 3380 vulgo
2900 3318 2993 3378 fit,

1819 3395 2125 3446 scribendum
2171 3413 2274 3445 esse
2321 3396 2462 3446 docet
2506 3397 2862 3447 Meisterhans²
2902 3414 2997 3463 pg.

1821 3479 1900 3538 31,
1939 3479 1997 3527 11
2036 3484 2087 3527 et
2123 3479 2203 3537 34,
2240 3478 2317 3527 13.

1887 3557 2193 3621 προδόσει
2213 3560 2260 3625 ς]
2303 3561 2468 3610 nautis
2502 3566 2551 3611 et
2584 3561 2829 3611 militibus
2863 3561 2996 3611 elae-

1819 3643 1978 3692 siariis
2030 3643 2225 3693 arrham
2269 3644 2376 3693 dari
2422 3660 2478 3693 ex
2526 3644 2619 3694 hoe
2661 3644 2770 3693 loco
2815 3649 2990 3709 patet,

1819 3726 1880 3775 ef.
1930 3724 2080 3774 etiam
2116 3726 2175 3775 de
2208 3727 2301 3776 hoc
2337 3743 2440 3776 voe.
2475 3725 2657 3775 Pollux
2692 3725 2816 3785 VH,
2853 3726 2981 3774 194:

1817 3806 2100 3869 “Ἐρμιππος
2152 3805 2207 3856 δὲ
2261 3804 2347 3857 ἐπὶ
2392 3810 2484 3857 τοῦ
2530 3805 2983 3869 προπιστευθέντος

1818 3887 1931 3939 ἄνευ
1976 3888 2207 3952 ἀργυρίου
2254 3890 2405 3940 πίνειν
2440 3885 2490 3939 ἐν
2522 3889 2824 3950 καπηλείου,
2859 3906 2983 3950 προ-

1819 3969 1953 4020 δόσει
1993 3971 2146 4019 πίνειν
2181 3969 2390 4033 ἐίρηκεν,
2426 3972 2557 4036 apud
2591 3977 2805 4021 oratores
2840 3986 2984 4020 voea-

1816 4054 1990 4103 bulum
2022 4070 2265 4118 nusquam
2299 4053 2420 4102 alibi
2453 4053 2635 4103 inveni.

1885 4133 2193 4185 σκεύεσιν
2257 4134 2457 4193 ἰδίοις
2506 4162 2576 4173 -
2609 4134 2979 4185 κατεσκεύ-

1817 4234 1944 4266 ασα
2008 4215 2115 4266 καὶ
2176 4221 2298 4265 τῶν
2357 4215 2680 4277 δημοσίων
2731 4215 2972 4279 ’ἔλαβον

1816 4316 1840 4348 ο
1855 4298 1881 4347 ὖ
1895 4298 1922 4348 δ
1940 4299 2022 4365 ἐν]
2081 4299 2159 4348 his
2220 4299 2380 4348 verbis
2438 4299 2617 4349 iterum
2670 4300 2974 4365 diligentiam

1816 4398 1955 4431 suam
1987 4382 2190 4442 indicat,
2216 4382 2280 4431 ef.
2307 4381 2690 4433 Introductionis
2717 4399 2798 4447 pg.
2824 4382 2970 4441 XIII,

1816 4463 2019 4514 redeunt
2063 4464 2183 4513 haee
2221 4467 2268 4526 §5
2303 4464 2367 4513 26
2402 4469 2452 4513 et
2481 4464 2544 4517 27
2580 4470 2630 4515 et
2664 4464 2824 4514 simile
2856 4463 2970 4528 quid

1818 4552 1984 4595 narrat
2038 4545 2236 4595 XLVII.
2288 4546 2369 4605 23,
2421 4543 2740 4595 οὐδεπώποτε
2786 4544 2967 4606 ’ίλαβον

1818 4625 1968 4684 σκεύη
2016 4625 2072 4676 ἐκ
2116 4630 2208 4676 τοῦ
2255 4627 2472 4689 νεωρίου,
2514 4627 2640 4677 ἀλλ’
2679 4626 2832 4685 αὐτὸς
2867 4624 2966 4691 ἰδίᾳ

1817 4707 2214 4773 παρεσκεύαζον,
2249 4710 2419 4759 eodem
2450 4710 2597 4759 modo
2629 4710 2833 4779 scriptor
2861 4726 2965 4759 ora.-
