3350 5417
256 779 399 854 τοὺς
476 779 852 863 δημάρχους
902 778 1295 859 καταλόγους
1347 784 1648 848 ποιεῖσθαι
1696 789 1811 847 τῶν
1860 784 2134 861 δημοτῶν
2181 783 2284 850 καὶ
2334 771 2670 867 ἀποφέρειν

258 887 543 973 ναύτας,
590 888 704 953 καὶ
756 886 863 953 διὰ
910 886 1147 966 τάχους
1195 887 1299 972 τὸν
1347 888 1693 954 ἀπόστολον
1740 891 2042 954 ποιεῖσθαι
2091 890 2195 955 καὶ
2244 891 2483 968 βοηθεῖν
2532 893 2679 958 ἔκαε

256 1003 522 1076 σταχοῖ.
574 994 687 1060 καὶ
739 992 983 1067 ἐνίκησε
1024 994 1094 1060 τὸ
1142 994 1628 1075 Ἀριστοφῶντος
1677 998 1987 1076 ψήφισμα
2036 997 2227 1062 τουτί.

1315 1195 1639 1240 ΨἩΦῙΣΜΑ.

347 1327 490 1388 Τοῦ
554 1321 676 1400 μὲν
738 1318 1162 1402 ψηφίσματος
1224 1318 1420 1385 τοίνυν
1465 1317 1783 1394 ἀκηκόατε
1831 1317 1874 1385 ὦ
1922 1317 2133 1402 ἄνδρες
2181 1322 2497 1389 δικασταί.
2545 1324 2668 1404 ἐγὼ

324 1523 351 1582 5
386 1519 441 1572 7.
474 1521 649 1569 τοίνυν
682 1535 781 1569 om.
817 1520 880 1568 A.
915 1519 1203 1567 confirmant
1237 1517 1401 1566 τοίνυν
1434 1517 1482 1567 h.
1502 1517 1539 1567 l.
1577 1518 1761 1568 similes
1798 1519 1897 1568 loci
1929 1519 2057 1581 LIX,
2096 1520 2175 1581 17,
2212 1519 2293 1574 ¹79.
2326 1548 2395 1561 --

258 1696 475 1746 Athenin
507 1696 683 1745 decem
716 1693 923 1758 strategi
952 1693 1209 1759 quotannis
1238 1693 1436 1743 tabulae

258 1779 595 1828 eonficiebant
644 1776 952 1826 continentes
998 1777 1196 1827 nomina
1240 1792 1434 1836 eorum,

259 1860 445 1925 quihus
492 1859 823 1909 militandum
876 1859 1025 1917 foret,
1079 1864 1129 1908 et
1177 1859 1434 1924 plebiscito

258 1942 397 1993 edito
446 1958 546 2007 quo
588 1940 961 2005 significabatur
992 1947 1111 2004 quot
1143 1957 1295 1990 annos
1327 1940 1437 1990 nati

263 2033 313 2074 et
348 2024 551 2089 qnando
586 2024 653 2072 ad
680 2022 919 2072 militiam
946 2028 1254 2082 vocarentur,
1284 2022 1438 2072 delec-

264 2115 373 2156 tum
403 2106 676 2165 habebant,
709 2105 775 2154 cf.
808 2103 924 2169 Lyn.
956 2105 1085 2155 XIV.
1121 2106 1203 2165 21,
1228 2105 1436 2170 Lycurg.

264 2187 443 2239 Iaoer.
496 2187 590 2240 57:
642 2187 931 2249 παρασχεῖν
978 2187 1039 2236 τδ
1086 2191 1237 2248 σῶμα
1281 2185 1435 2253 τάξαι

270 2273 380 2330 τοῖς
408 2270 753 2333 στρατηγοῖς,
784 2269 905 2318 ibid.
935 2268 1029 2321 147
1044 2290 1057 2319 ι
1082 2267 1137 2319 οὗ
1155 2269 1436 2332 παρασχὼν

269 2353 333 2403 τό
382 2357 540 2414 σῦμα
586 2350 745 2416 τάξαι
788 2351 899 2408 τοῖς
940 2352 1263 2414 στρατηγοῖς,
1294 2351 1436 2400 Dem.

270 2435 361 2487 IV.
398 2436 485 2495 21,
524 2434 627 2484 111.
661 2436 724 2483 4:
772 2431 1305 2495 ἐψηφίσασθε-τοῦς
1346 2434 1438 2494 με’-

272 2517 365 2580 χρῖ
392 2516 551 2566 πέντε
581 2515 668 2565 καὶ
697 2514 1082 2577 τετταράκοντα
1111 2511 1236 2564 ἑτῶν
1252 2513 1437 2573 αὐτοὺς

273 2594 548 2660 ἐμβαίνειν.
594 2598 902 2648 Schoemann
946 2597 1113 2662 Antiq.
1159 2598 1259 2648 Iur.
1299 2598 1437 2663 publ.

274 2681 455 2731 Graec.
493 2698 577 2746 pg.
628 2680 732 2729 254
764 2685 865 2729 not.
903 2680 986 2740 24,
1018 2680 1111 2729 hoo
1140 2697 1283 2746 quem
1315 2686 1441 2730 trac-

272 2771 445 2813 tamus
491 2763 605 2812 loco
654 2761 792 2811 nisus
834 2762 988 2811 credit
1032 2763 1122 2812 has
1166 2763 1364 2813 tabulae
1408 2780 1438 2812 a

277 2845 558 2895 demarchis
605 2849 656 2893 et
697 2844 1000 2893 senatoribus
1033 2846 1276 2894 confectas
1309 2860 1413 2894 esse
1426 2882 1440 2904 ,

278 2929 371 2992 qui
415 2928 568 2978 etiam
613 2926 1022 2975 extraordinarios
1056 2927 1284 2991 legebant
1314 2926 1444 2975 mili·

278 3019 355 3060 tet
403 3016 453 3060 et
496 3014 707 3068 nautae,
741 3014 793 3057 et
823 3008 1089 3058 secundum
1121 3009 1211 3058 hae
1242 3009 1440 3058 tabulae

278 3092 432 3141 modo
474 3097 743 3154 strategos,
787 3090 930 3140 modo
975 3090 1249 3140 taxiarches
1289 3090 1444 3139 delec-

279 3181 395 3224 tum
441 3172 675 3223 habuisse
726 3172 842 3222 coll.
890 3171 1003 3237 Lye.
1051 3172 1182 3222 XIV.
1230 3173 1282 3221 6:
1332 3170 1444 3221 σκέ·

282 3254 452 3315 ψασθε
498 3253 555 3303 δὲ
606 3253 741 3311 τίνες
784 3252 908 3303 εἰσὶν
954 3252 1038 3311 οὓς
1084 3252 1162 3303 δεῖ
1190 3255 1441 3316 παρεῖναι,

284 3336 391 3399 οὔχ
422 3336 603 3392 οἵτινες
635 3333 696 3384 ἂν
732 3334 825 3392 τὴν
857 3333 1052 3390 ἧλικίαν
1085 3334 1278 3394 ταύτην
1310 3334 1442 3399 ’έχω-

284 3435 391 3477 σινς
426 3415 527 3480 οὐχ
562 3415 648 3475 οὓς
682 3415 743 3466 ἂν
777 3417 830 3466 οἶ
850 3417 1132 3480 στρατηγοῖ
1159 3417 1444 3482 καταλέξω·

285 3518 395 3559 σονς
429 3507 481 3550 et
514 3499 602 3548 IX.
639 3500 687 3549 4.
722 3497 1016 3561 ἀφικόμενος
1049 3498 1342 3562 προπέρυσιν
1372 3499 1442 3558 εἷς

286 3583 381 3640 τὴν
423 3583 594 3638 πόλιν,
642 3579 777 3629 οὔπω
822 3578 907 3629 δύο
953 3583 1111 3642 μῆνας
1156 3578 1446 3644 ἔπιδεδημη·

288 3665 387 3722 κὸς
436 3660 722 3725 κατελέγην
766 3662 1098 3724 στρατιῶτης.
1154 3657 1444 3725 αι’σθόμενος

290 3744 348 3794 33
393 3746 455 3794 τὸ
502 3742 726 3806 πραχθὶν
773 3743 1123 3807 ὑπετοπούμην
1156 3743 1327 3804 εὐθέως
1362 3745 1446 3795 ἐπὶ

290 3825 463 3888 μηδενὶ
504 3823 642 3888 ὑγιεῖ
669 3823 1018 3887 κατειλέχθαι.
1050 3826 1326 3888 προσελθὼν
1361 3824 1443 3878 οὖν

292 3913 365 3971 τῇ
409 3911 685 3969 στρατηγῷ
721 3903 956 3963 ἐδήλωσα
988 3906 1069 3958 ὅτι
1103 3906 1443 3971 ἐστρατευμέ-

292 4007 372 4049 νος
413 3988 543 4048 ε’ίην,
584 3986 780 4051 ἵτυχον
813 3986 869 4037 δὲ
902 3986 1039 4038 abab«
1073 3993 1173 4039 τῶν
1207 3992 1441 4053 μετρίων·

292 4075 357 4124 ci.
390 4074 541 4124 etiam
574 4072 828 4137 Aristoph.
861 4071 963 4121 Pax
992 4073 1340 4124 1180-1183.
1368 4074 1443 4124 Ex

296 4156 470 4221 quibua
513 4154 638 4204 locia
681 4161 847 4204 tamen
882 4160 1019 4219 patet
1052 4155 1173 4204 olim
1207 4161 1444 4222 strategos

297 4243 347 4288 et
382 4236 663 4287 taxiarehoe
699 4251 890 4300 quoque
922 4236 1121 4286 tabulae
1155 4238 1444 4299 confecisse,

299 4335 353 4368 ex
410 4318 503 4368 hoc
554 4334 697 4377 vero,
749 4334 879 4367 anno
935 4319 1033 4368 862
1078 4319 1348 4369 demarchis
1395 4327 1445 4371 et

298 4401 599 4452 aenatoribus
647 4400 697 4449 id
743 4416 918 4450 munue
958 4401 1245 4451 mandatum
1279 4402 1445 4453 fuisse.

298 4483 597 4533 Sehoemann
640 4489 806 4532 tamen
849 4483 1074 4534 mentiri
1118 4500 1215 4534 non
1259 4485 1442 4545 ausim,

298 4573 487 4616 tutum
515 4565 662 4616 modo
690 4565 927 4615 affirmare
952 4581 1235 4631 possumus,
1261 4567 1446 4618 demat·

301 4647 413 4698 cho·
439 4655 489 4698 et
513 4653 760 4697 senatore·
785 4647 900 4697 huic
925 4648 1114 4698 muneri
1141 4647 1442 4710 interfuisse,

1515 1692 1692 1743 Lehrb.
1721 1695 1806 1743 der
1836 1695 1918 1744 Gr.
1948 1696 2119 1761 Antiq.
2151 1696 2282 1745 1892
2314 1697 2389 1747 1⁸.
2410 1696 2456 1746 2.
2473 1713 2555 1762 pg.
2574 1698 2671 1746 640

1515 1793 1603 1841 sq.:
1625 1776 1880 1836 „welches
1898 1777 2182 1827 Verhiiltnis
2200 1778 2298 1827 und
2315 1779 2377 1827 ob
2398 1779 2673 1843 uberhaupt

1514 1859 1686 1923 irgend
1734 1859 1866 1909 eines
1916 1860 2151 1909 zwischen
2199 1860 2293 1909 den
2338 1858 2510 1925 τάξεις
2558 1860 2673 1911 oder

1514 1942 1609 1990 den
1672 1943 1825 2003 λόχοι
1876 1942 1979 1991 und
2028 1941 2121 1991 den
2171 1942 2356 1991 Demen
2406 1943 2672 1992 bestanden

1514 2022 1667 2083 habe,
1693 2023 1759 2072 ist
1787 2023 1991 2084 unklar,
2024 2023 2248 2087 obgleich
2274 2024 2351 2073 die
2368 2024 2671 2074 Demarchen

1513 2105 1669 2154 neben
1713 2105 1827 2155 dem
1866 2107 1992 2156 Rate
2028 2106 2109 2155 bei
2143 2106 2227 2155 der
2260 2107 2559 2171 Aushebung
2594 2107 2674 2155 be-

1513 2188 1680 2252 teiligt
1711 2188 2038 2248 erecheinen”,
2068 2193 2118 2238 et
2143 2178 2247 2238 not:
2279 2188 2305 2238 1
2340 2188 2465 2247 „Die
2496 2186 2671 2250 ἄρχον-

1514 2286 1600 2326 τες
1645 2270 1726 2319 bei
1770 2270 1947 2320 Aelian
1991 2270 2052 2320 V.
2097 2270 2164 2320 Η.
2205 2270 2347 2320 XIII.
2385 2270 2448 2319 12
2481 2269 2671 2319 worden

1515 2352 1632 2402 aber
1674 2352 1766 2402 wie
1814 2353 1895 2401 bei
1934 2352 2048 2417 Lye.
2093 2352 2235 2412 XVI,
2283 2353 2344 2401 16
2390 2352 2506 2401 oder
2539 2349 2671 2410 XIV,

1516 2436 1578 2485 21
1614 2451 1709 2484 nur
1746 2435 1824 2484 die
1859 2435 2112 2499 Strategen
2147 2434 2300 2483 selbst
2334 2433 2489 2483 eein”.

1582 2515 1965 2582 ἀποφέρειν]
2001 2517 2095 2566 hoc
2127 2516 2237 2566 loco
2272 2516 2514 2581 significat
2543 2514 2674 2564 tabu·

1515 2600 1591 2648 las
1618 2602 1847 2664 conficere
1874 2599 2112 2664 remigum
2127 2638 2141 2659 ,
2171 2599 2341 2648 eodem
2370 2614 2517 2648 sensu
2540 2614 2676 2647 usur-

1515 2687 1661 2746 patur
1695 2686 1718 2744 5
1754 2682 1810 2731 8:
1848 2680 2138 2744 ἀπενεγκεῖν
2187 2680 2307 2738 τοὺς
2343 2680 2673 2742 προεισοίσον-

1516 2781 1640 2824 τας,
1674 2765 1737 2814 cf.
1772 2764 1923 2813 etiam
1957 2764 2068 2828 Lye.
2106 2762 2237 2814 XVI.
2269 2764 2327 2812 6:
2358 2759 2673 2825 ἐψηφίσασθε

1518 2847 1637 2903 τοὺς
1682 2843 1979 2909 φυλάρχους
2017 2844 2306 2908 ἀπενεγκεῖν
2341 2845 2459 2901 τοὺς
2494 2841 2673 2893 ἱππεύ-

1518 2944 1728 2985 σαντας.

1568 3008 1678 3059 διὰ
1717 3007 1999 3074 τάχους]
2034 3010 2096 3059 cf.
2133 3010 2197 3059 ad
2233 3012 2255 3071 5
2292 3008 2371 3058 12.

1570 3092 1636 3141 τό
1651 3092 2138 3153 Ἀριστοφῶντος
2161 3088 2453 3153 ψήφισμα
2475 3088 2670 3152 τουτι]

1570 3190 1642 3222 το
1657 3190 1734 3222 υτ
1748 3171 1773 3221 ί
1830 3172 1972 3237 quasi
2031 3172 2185 3237 digito
2235 3176 2475 3223 monstrat
2523 3170 2675 3235 plebi-

1519 3256 1698 3306 scitum
1734 3256 1862 3320 quod
1896 3255 2054 3304 scriba
2089 3255 2319 3305 continuo
2354 3253 2595 3304 recitabit.

1587 3338 1886 3403 Aristophon
1900 3376 1913 3398 ,
1937 3337 2022 3402 qui
2048 3337 2198 3402 paulo
2220 3344 2331 3403 post
2345 3376 2359 3397 ,
2382 3336 2667 3385 Callistrato

1520 3419 1696 3485 capitis
1742 3420 1972 3469 damnato
2016 3420 2078 3469 ob
2113 3420 2305 3469 cladem
2339 3419 2404 3469 ad
2437 3419 2677 3483 Peparae·

1520 3503 1663 3552 thum
1720 3506 1771 3551 et
1821 3502 2142 3567 direptionem
2191 3501 2379 3560 Piraei,
2432 3515 2671 3550 summam

1522 3585 1574 3634 in
1609 3601 1660 3633 re
1695 3584 1895 3649 publica
1926 3585 2199 3649 potentiam
2234 3589 2404 3633 nactus
2437 3588 2527 3642 est,
2555 3582 2677 3631 The·

1522 3667 1663 3716 banis
1727 3666 1950 3726 favebat,
2013 3668 2076 3717 cf.
2127 3667 2270 3716 Dem.
2312 3664 2496 3715 XVIII.
2548 3663 2670 3723 162,

1524 3749 1751 3799 Aeschin.
1795 3747 1893 3798 111.
1944 3749 2053 3800 138.
2102 3750 2154 3799 Ie
2199 3755 2307 3798 tum
2350 3746 2533 3812 populo
2572 3761 2675 3810 per-

1524 3830 1681 3881 suasit
1724 3836 1780 3880 ut
1826 3846 1974 3895 quam
2008 3830 2255 3880 celerrime
2291 3829 2530 3879 auxilium
2565 3827 2677 3878 mit·

1522 3918 1648 3963 teret
1695 3913 1759 3962 ad
1804 3928 1940 3961 oram
1988 3912 2263 3970 Threciam,
2302 3912 2363 3961 cf.
2400 3911 2460 3960 de
2495 3911 2677 3959 Aristo·

1522 3996 1706 4060 phonte
1740 3995 1938 4044 Curtius
1967 3994 2050 4044 Gr.
2083 3994 2254 4043 Geech.
2288 3992 2466 4057 111pg.
2483 3991 2582 4041 462
2602 4008 2676 4056 sq.

1523 4083 1574 4127 et
1604 4077 1658 4125 in
1684 4076 1854 4140 primis
1883 4077 1943 4127 A.
1974 4077 2184 4127 Schaefer
2213 4076 2354 4125 Dem.
2389 4075 2441 4124 1⁸
2476 4091 2554 4140 pg.
2576 4075 2673 4124 140

1522 4175 1643 4224 sqq.:
1678 4159 1740 4209 cf.
1777 4159 1840 4208 ad
1876 4163 1898 4222 5
1932 4160 2081 4219 4-6,
2111 4158 2277 4209 locum
2310 4157 2516 4223 pessime
2550 4173 2680 4214 com·‚

1521 4241 1765 4306 positum,
1799 4241 1971 4302 XLIX,
2008 4244 2037 4292 9
2057 4259 2160 4307 sqq.

1589 4326 1613 4386 5
1648 4321 1698 4374 7.
1732 4323 1977 4390 τοίνυν]
2021 4324 2073 4373 in
2105 4325 2200 4373 hac
2232 4327 2256 4387 5
2289 4323 2366 4373 bia
2399 4322 2673 4381 invenitur,

1520 4405 1680 4470 priore
1749 4406 1858 4455 loco
1921 4412 1996 4456 est
2056 4405 2301 4471 particula
2367 4404 2673 4463 conclusiva,

1521 4486 1800 4551 significans
1869 4487 2101 4552 „igitur’',
2169 4487 2433 4552 posteriore
2481 4486 2677 4551 copula·

1520 4569 1650 4619 tiva:
1710 4570 1933 4634 „porro”,
1986 4570 2046 4619 cf.
2099 4569 2158 4618 de
2208 4585 2299 4619 neu
2353 4570 2498 4619 lmine
2545 4574 2674 4632 part.

1521 4651 1723 4701 Kiihner
1750 4651 2003 4713 (Gramm.)
2033 4650 2112 4700 11¹
2150 4650 2182 4700 2
2205 4666 2285 4714 pg.
2307 4649 2421 4710 857,
2438 4653 2488 4710 4,
2506 4655 2556 4699 et
2572 4648 2672 4697 Fox

303 4747 397 4796 qua
449 4731 501 4781 in
543 4729 785 4780 munti·
826 4730 973 4782 etiam
1020 4736 1121 4781 atat
1164 4730 1441 4792 Hermann,
1520 4734 1583 4784 ad
1619 4732 1760 4784 Dem.
1798 4729 1918 4795 ὑπὲρ
1953 4736 2387 4796 Μεγαλοπολιτῶν
2421 4734 2445 4794 5
2482 4733 2529 4780 4.
