3350 5417
682 796 993 876 διηγῶμαι
1057 795 1142 861 τά
1204 819 1277 860 τε
1337 793 1737 872 ἀναλώματα
1803 792 1909 859 καὶ
1974 794 2092 865 τὰς
2155 790 2451 872 πράξεις,
2516 794 2593 864 ὥς
2656 793 2721 856 ἐν
2769 791 2959 872 καιρῷ
3006 815 3088 856 τε

680 900 948 968 ἕκασται
1018 900 1125 968 καὶ
1195 900 1491 980 χρήσιμοι
1562 907 1642 981 τῇ·
1700 897 1877 965 πόλει
1941 898 2432 975 ἐδιακονήθησαν.
2497 900 2547 964 εἶ
2610 897 2726 976 μὲν
2786 898 2918 978 γάρ
2980 919 3085 967 τις

678 1007 815 1088 ἔχει
877 1031 960 1085 με
1024 1002 1324 1081 ἐπιδεῖξαι
1388 1006 1466 1077 ὥς
1529 1003 1879 1083 ψεύδομαι,
1945 1006 2230 1078 ἀναστὰς
2295 1007 2356 1069 ἐν
2421 1006 2505 1087 τῷ
2552 1005 2679 1086 ἐμῷ
2730 1001 2910 1069 ὕδατι
2954 1000 3092 1077 ἔξε-

677 1112 1010 1192 λεγξάτω,
1059 1109 1097 1178 δ’
1135 1135 1194 1177 τι
1246 1109 1324 1176 ἂν
1369 1112 1459 1189 μη
1510 1117 1602 1192 φῇ
1651 1134 1735 1188 με
1786 1111 1985 1186 α’ληθῆ
2036 1110 2244 1188 λέγειν
2291 1109 2435 1192 πρὸς
2486 1111 2676 1187 ὑμᾶς·
2718 1111 2770 1175 εἰ
2812 1109 2867 1173 δ’
2907 1108 3087 1173 ἐστὶν

679 1221 877 1295 dandi?
941 1218 1046 1285 καὶ
1109 1218 1323 1297 μηδεὶς
1384 1215 1461 1283 ἄν
1523 1240 1628 1293 μοι
1695 1218 1971 1283 ἀντείποι
2037 1215 2235 1291 ἄλλος
2301 1217 2335 1292 ἢ
2385 1213 2593 1300 οὗτος,
2642 1215 2856 1294 δέομαι
2908 1215 3085 1293 ὑμῶν

614 1345 644 1394 8
679 1323 973 1393 ἁπάντων
1021 1325 1264 1390 δικαίαν
1311 1321 1529 1397 δέησιν·
1581 1318 1704 1388 ὅσοι
1751 1323 1865 1401 μὲν
1904 1329 2021 1389 τῶν
2062 1329 2448 1404 στρατιωτῶν
2477 1311 2638 1387 ’ἕστε
2683 1322 2789 1387 καὶ
2832 1332 3083 1401 παρῆτε
3103 1339 3234 1392 1207

745 1493 978 1557 (ἕκασται
1023 1493 1093 1542 A:
1141 1490 1359 1554 ἕκαστα)
1393 1516 1463 1529 --
1496 1486 1926 1555 (ἔδιακονῆθησαῆ
1974 1487 2401 1548 δ’ἒδιακονῆθησαν
2435 1491 2484 1548 S,
2520 1488 2862 1549 διεκονῆθησαν
2895 1491 2979 1554 A.)
3010 1518 3088 1530 —

677 1574 833 1634 ἀληθῆ
869 1574 1036 1639 λέγειν
1070 1574 1128 1623 Sz
1163 1571 1343 1631 ἀληθὶς
1375 1583 1486 1636 ny.
1521 1574 1586 1623 cf.
1619 1572 1744 1633 VII,
1778 1574 1844 1621 43
1877 1600 1945 1611 —-
1981 1565 2148 1636 (οὗτος
2182 1573 2213 1631 ³3
2247 1572 2407 1632 ἄλλος
2438 1574 2505 1637 S.)
2537 1600 2606 1613 ...-

745 1663 770 1721 ς
803 1661 850 1708 8.
887 1655 1032 1722 ἔστε]
1068 1653 1195 1713 ἦστε
1228 1661 1356 1705 recte
1391 1653 1573 1715 Cobet,
1603 1654 1704 1704 nisi
1738 1654 1867 1718 quod
1900 1654 2072 1704 malim
2109 1651 2219 1713 ἦτε.
2258 1683 2327 1695 -

678 1795 808 1839 tores
841 1804 893 1837 ss
926 1784 1009 1835 δια
1038 1783 1380 1848 βραχυτάτων
1409 1784 1489 1833 vel
1519 1782 1585 1832 δι’
1615 1780 1835 1846 ἐλαχίσ-

681 1886 779 1919 των
815 1885 1013 1919 causam
1045 1873 1379 1927 enarraturos,
1413 1866 1543 1931 quod
1578 1866 1729 1916 etiam
1761 1866 1840 1914 Ci-

682 1967 791 2002 cero
835 1951 940 2001 fieri
985 1951 1148 2009 iubet,
1194 1950 1257 1999 cf.
1308 1949 1368 1998 de
1402 1948 1510 1998 Inv.
1545 1948 1587 1996 Ι.
1625 1949 1707 1997 16.
1742 1949 1834 1997 23:

678 2035 907 2084 Attentos
955 2038 1121 2082 autem
1166 2032 1398 2081 faciemus
1433 2030 1654 2093 (iudices)
1686 2058 1754 2068 —
1789 2038 1838 2080 et

679 2117 722 2165 si
749 2115 1091 2181 pollicebimur
1117 2131 1206 2164 nos
1234 2114 1372 2164 brevi
1398 2120 1615 2163 nostram
1638 2129 1838 2163 causam

684 2199 1112 2248 demonstraturos.
1157 2197 1356 2247 Dociles
1406 2195 1653 2245 auditores
1698 2194 1841 2244 facie-

682 2298 791 2330 mus
806 2320 820 2341 ,
855 2280 898 2330 si
931 2285 1098 2345 aperte
1132 2285 1182 2328 et
1215 2278 1426 2328 breviter
1459 2293 1702 2327 summam
1730 2293 1841 2326 cau-

682 2380 766 2413 sae
799 2378 1110 2428 exponemus.

752 2443 1084 2508 διηγῶμαι
1151 2441 1233 2492 τά
1303 2459 1373 2491 τε
1436 2438 1841 2503 ἀναλώματα

687 2526 797 2576 καὶ
830 2527 950 2583 τὰς
985 2523 1267 2591 πράξεις,
1299 2522 1841 2582 οὖς-ἕκασται-

686 2606 1238 2672 ὶδιακονῆθησαν.]
1257 2606 1571 2671 Anticipatia
1589 2607 1651 2654 cf.
1672 2606 1732 2655 de
1750 2606 1843 2655 hoc

688 2692 855 2742 ordine
875 2691 1132 2741 verborum
1142 2689 1331 2754 Kriiger
1345 2688 1602 2753 (Sprachl.)
1614 2692 1636 2750 §
1650 2689 1731 2748 61,
1744 2689 1773 2737 6
1794 2693 1845 2738 et

686 2775 887 2824 Kiihner
914 2773 1071 2835 (Δηοῖ.
1096 2773 1330 2834 Gramm.)
1358 2771 1438 2820 11⁸
1469 2771 1499 2820 2
1517 2786 1598 2835 pg.
1622 2770 1754 2820 1082
1771 2787 1842 2836 sq.

755 2852 1248 2917 ἐδιακονήθησαν]
1282 2851 1518 2902 διακονεῖν
1547 2858 1621 2902 est
1648 2854 1843 2916 (officia)

676 2942 952 3004 praestum
1000 2939 1351 3000 nonnunquam
1384 2934 1697 2998 coniungitur
1731 2952 1842 2984 cum

685 3021 832 3071 verbo
869 3016 1127 3080 ὑπηρετεῖν
1161 3018 1223 3066 cs.
1262 3016 1392 3066 Plat.
1423 3016 1657 3081 Respubl.
1691 3016 1733 3063 V
1761 3033 1843 3082 pg.

684 3101 783 3154 467
811 3102 884 3151 A:
941 3100 1058 3161 πρὸς
1109 3098 1163 3148 δὲ
1213 3101 1278 3162 τῇ
1334 3096 1421 3165 θέᾳ
1474 3096 1711 3148 διακονεῖν
1758 3099 1845 3148 καὶ

687 3182 944 3244 ὑπηρετεῖν
990 3179 1161 3229 πάντα
1207 3181 1276 3229 τὰ
1320 3180 1431 3242 περὶ
1477 3181 1565 3229 τὸν
1608 3179 1841 3242 πόλεμον.

685 3265 899 3316 Verbum
940 3265 1071 3329 apud
1104 3263 1482 3313 Demosthenem
1515 3277 1626 3311 raro
1660 3262 1844 3312 inveni·

684 3354 793 3408 tur,
845 3363 1018 3411 nempe
1062 3345 1151 3406 IX,
1197 3346 1263 3394 43
1310 3343 1567 3408 διακονῶν,
1611 3344 1743 3404 XIX,
1780 3346 1843 3395 69

689 3430 1022 3485 διακονοῦντες
1087 3433 1137 3477 et
1185 3426 1252 3477 LI
1268 3466 1281 3487 ‚
1332 3425 1361 3478 7
1412 3424 1845 3487 δεδιακονημένων,

696 3511 781 3561 ubi
817 3525 918 3560 var.
952 3511 1067 3560 lect.
1103 3506 1521 3569 δεδιηκονημένων.

762 3592 1060 3642 Rutherford
1101 3591 1280 3656 Phryn.
1328 3605 1410 3654 pg.
1457 3590 1521 3639 83
1564 3595 1615 3639 et
1656 3591 1721 3639 86
1754 3591 1847 3640 hoc

696 3676 897 3726 verbum
933 3679 1183 3725 enumerat
1216 3673 1343 3722 inter
1374 3689 1432 3722 ea
1466 3689 1589 3737 quae
1623 3689 1849 3737 augmen-

696 3765 804 3808 tum
851 3757 1126 3822 geminant,
1172 3754 1287 3804 coll.
1332 3754 1450 3805 Eur.
1496 3754 1709 3820 Cyclope
1746 3756 1844 3804 406

693 3841 780 3891 ubi
814 3840 1121 3890 scribendum
1153 3841 1314 3886 censet
1346 3834 1687 3894 κάδιηκόνουν,
1725 3838 1848 3887 iniu-

690 3923 766 3973 ria
797 3928 990 3983 tamen,
1024 3922 1086 3971 cf.
1121 3919 1274 3969 Piers.
1310 3919 1373 3968 ad
1401 3918 1609 3968 Moerid.
1627 3935 1709 3983 pg.
1731 3920 1843 3969 122.

755 4003 903 4069 ἐχει
940 4020 1017 4066 με
1050 3999 1407 4066 ἐπιδεῖξαι]
1437 4001 1497 4050 de
1527 4001 1673 4051 verbo
1702 3998 1844 4065 ’ἔχειν

687 4105 729 4138 c.
751 4087 897 4137 Infin.
924 4108 973 4130 ει
989 4101 1134 4151 posse
1160 4084 1221 4134 cf.
1251 4082 1454 4132 Kiihner
1481 4081 1736 4147 (Gramm.)
1756 4083 1837 4133 11¹

689 4169 748 4229 2,
787 4185 867 4234 pg.
905 4169 1002 4217 580
1037 4184 1109 4232 sq.

757 4248 817 4299 ἐν
864 4254 947 4313 τῷ
995 4246 1121 4312 ἐμῷ
1168 4245 1382 4313 ὕδατι]
1415 4253 1610 4313 tempus
1642 4248 1841 4313 litigan-

689 4334 824 4383 tibus
872 4333 974 4382 sive
1023 4332 1086 4381 ad
1133 4330 1493 4381 accusationem
1529 4329 1631 4381 sive
1667 4331 1731 4380 ad
1767 4332 1846 4380 de-

691 4415 958 4466 fensionem
1018 4430 1297 4464 concessum
1348 4412 1601 4477 clepsydra
1654 4413 1845 4462 definiri

691 4498 895 4548 solebat.
928 4497 1188 4562 clepsydra
1205 4501 1310 4546 erat
1326 4495 1581 4545 vasculum
1598 4495 1844 4559 quoddam

694 4580 747 4630 in
765 4580 919 4629 vicem
936 4578 1035 4629 coli
1050 4577 1295 4643 graciliter
1312 4578 1599 4637 fistulatum,
1611 4593 1698 4642 per
1716 4578 1843 4642 quod

695 4662 859 4712 infusa
887 4678 1015 4727 aqua
1031 4661 1264 4726 guttatim
1280 4661 1539 4720 defluebat,
1556 4659 1704 4725 Apul.
1721 4659 1845 4709 Met.

697 4744 796 4793 111.
827 4745 884 4803 8,
912 4749 962 4793 et
988 4744 1052 4793 cf.
1079 4742 1327 4808 Aristoph.
1356 4742 1498 4805 Vesp.
1530 4742 1595 4791 93
1622 4759 1665 4791 c.
1684 4742 1845 4792 Schol.

1917 1785 2064 1836 Ultra
2096 1792 2289 1851 tempus
2325 1786 2518 1835 finitum
2553 1786 2711 1835 dicere
2740 1801 2837 1835 non
2865 1786 3054 1835 licebat
3067 1825 3083 1847 ‚

1915 1885 2004 1918 nec
2052 1868 2329 1917 adversario
2365 1873 2695 1918 accusatorem
2728 1868 2808 1917 vel
2840 1883 2980 1917 reum
3008 1869 3086 1917 in-

1915 1950 2193 2016 terpellare.
2226 1950 2407 1999 Orator
2440 1956 2621 2008 tamen,
2649 1955 2706 1998 ut
2735 1956 2977 2014 quantum
3006 1966 3086 1999 ar-

1917 2032 2270 2097 gumentationi
2308 2048 2424 2081 suae
2459 2032 2671 2081 confidat
2705 2032 2936 2081 ostendat
2961 2049 3085 2082 non·

1916 2130 2166 2179 nunquam
2212 2113 2543 2164 adversarium
2589 2119 2825 2179 provocat
2870 2119 2928 2163 ut
2961 2120 3088 2163 tem·

1918 2213 2034 2262 pore
2052 2196 2147 2245 sibi
2167 2196 2393 2245 demenso
2412 2211 2520 2245 eam
2538 2195 2751 2244 refellat.
2770 2194 2913 2244 Unde
2930 2202 3086 2245 natae

1918 2284 2034 2328 sunt
2066 2278 2340 2342 complures
2367 2277 2638 2327 locutiones
2665 2277 2906 2326 oratoriae
2923 2279 3005 2326 eff.
3022 2276 3084 2326 οὗ

1918 2361 2017 2424 ’γὰρ
2036 2360 2195 2408 ἱκανόν
2215 2375 2300 2420 μοι
2324 2359 2385 2407 τό
2405 2356 2528 2420 ὕδωρ
2548 2356 2690 2408 ἐστίν
2700 2359 2842 2409 Dem.
2853 2359 3002 2409 XLV.
3012 2359 3083 2412 47

1920 2444 1982 2492 cf.
2018 2446 2040 2505 ς
2078 2441 2169 2502 86,
2215 2446 2265 2490 et
2304 2441 2441 2503 λόγῳ
2475 2440 2566 2501 μὲν
2600 2441 2700 2503 γὰρ
2739 2438 3084 2503 διηγήσασθαι

1921 2522 2009 2574 οὒκ
2043 2522 2102 2573 ἂν
2131 2523 2290 2572 ἱκανόν
2320 2539 2403 2584 μοι
2432 2520 2630 2586 γίνοιτο
2659 2522 2720 2570 τὸ
2751 2519 2875 2584 ὕδωρ
2897 2523 3084 2586 (Dem.)

1920 2606 2118 2656 XLVII.
2151 2606 2233 2665 82,
2262 2606 2341 2653 νῦν
2370 2602 2416 2653 δ’
2445 2601 2558 2654 οὐδὲ
2577 2601 2842 2652 διπλάσιόν
2861 2621 2947 2666 μοι
2966 2604 3084 2654 τοῦ-

1921 2704 2012 2738 του
2043 2686 2165 2750 ὕδωρ
2196 2687 2357 2736 ἱκανὸν
2387 2684 2446 2735 ἂν
2472 2683 2671 2748 γένοιτο
2694 2685 2871 2748 (Dem.)
2887 2686 3003 2737 LII.
3028 2688 3080 2749 3,

1922 2772 2000 2818 νῦν
2030 2767 2242 2835 δειξάτω
2270 2765 2321 2817 ἔν
2348 2771 2419 2830 τῷ
2441 2763 2543 2829 ἐμῷ
2564 2764 2712 2815 ὕδατι
2729 2768 2871 2818 Dem.
2888 2768 3081 2820 XVIII.

1925 2853 2038 2911 189,
2068 2853 2131 2902 cf.
2159 2851 2303 2911 XIX,
2334 2849 2395 2903 57
2429 2855 2477 2899 et
2492 2849 2675 2914 passim
2694 2851 2824 2915 apud
2841 2858 3080 2903 oratores.

1989 2950 2028 2994 μ
2041 2932 2069 2990 ἦ
2104 2933 2209 2999 φῇ]
2230 2937 2384 2996 neqet.
2400 2932 2901 2983 Animadvertendum
2916 2941 3007 2995 est,
3025 2937 3083 2985 'm

1922 3016 2140 3066 oratione
2169 3016 2483 3081 hypothetica
2511 3031 2655 3080 saepe
2682 3017 2995 3081 negationem
3018 3016 3079 3067 οὗ

1923 3098 2052 3163 apud
2097 3099 2299 3147 verbum
2336 3099 2476 3160 Φημί
2502 3114 2749 3148 remanere
2784 3116 2872 3165 pro
2907 3098 2983 3160 μή
3018 3117 3081 3150 ex

1923 3186 2057 3230 arcta
2074 3180 2428 3240 coniunctione,
2440 3181 2502 3229 cf.
2520 3180 2650 3230 Plat.
2669 3181 2815 3246 Apol.
2828 3197 2911 3246 pg.
2923 3182 2990 3230 25
3005 3182 3048 3230 Β
3063 3205 3079 3232 a

1924 3259 2008 3310 ἐάν
2026 3278 2087 3310 τε
2105 3262 2170 3310 σὺ
2190 3261 2275 3311 καὶ
2289 3260 2507 3319 ’Ἄνυτος
2524 3259 2580 3310 οὗ
2599 3263 2730 3325 Φῆτε
2747 3258 2834 3311 ἐάν
2848 3280 2913 3311 τε
2926 3256 3082 3327 φῆτε.

1991 3341 2019 3391 δ
2031 3341 2058 3392 ί
2070 3360 2095 3392 ο
2108 3360 2147 3404 μ
2159 3360 2193 3391 α
2206 3344 2247 3408 ι]
2260 3343 2598 3393 Insinuatione
2616 3344 2798 3404 utitur;
2814 3346 2878 3395 cf.
2895 3345 2999 3396 Cio.
3019 3347 3082 3397 de

1923 3427 2029 3476 Inv.
2052 3427 2094 3475 Ι.
2116 3426 2197 3476 16.
2217 3425 2281 3475 22
2295 3415 2666 3476 {Benivolentia
2681 3453 2750 3464 —
2766 3434 3083 3493 comparatur

1925 3509 1986 3558 ab
2014 3514 2182 3558 nostra
2207 3511 2447 3573 (persona)
2461 3535 2528 3545 —
2545 3508 2589 3557 si
2615 3524 2755 3573 prece
2784 3515 2835 3559 et
2861 3510 3084 3560 obsecra·

1924 3592 2057 3642 tione
2090 3591 2269 3641 humili
2303 3607 2360 3639 ac
2393 3589 2604 3654 supplici
2637 3596 2847 3642 utemur.
2876 3591 3082 3642 Demos-

1923 3675 2093 3725 thenes
2119 3673 2172 3723 in
2189 3673 2412 3723 omnibus
2429 3673 2527 3721 fere
2546 3672 2850 3722 orationibus
2871 3690 2989 3723 usus
3008 3681 3086 3725 est

1923 3756 2174 3822 petitione,
2210 3755 2358 3805 etiam
2387 3754 2439 3803 in
2467 3755 2781 3804 concionibus
2812 3757 2875 3805 cf.
2893 3755 2979 3806 IV.
3004 3757 3084 3817 13,

1923 3839 2008 3889 sed
2057 3853 2310 3902 nunquam
2353 3836 2491 3887 addit
2536 3834 2701 3894 δέησιν
2749 3834 2970 3897 δικαίαν,
3017 3840 3083 3888 cf.

1924 3921 2153 3985 Lortzing
2197 3921 2276 3982 (de
2322 3935 2416 3968 orr.
2462 3935 2582 3984 quas
2615 3919 2754 3968 Dem.
2789 3935 2878 3984 pro
2912 3919 3082 3986 Apoll.

1924 4003 2170 4070 scripsisse
2203 4004 2376 4064 fertur)
2411 4017 2493 4066 pg.
2528 4001 2609 4051 61.

1991 4082 2511 4149 δέομαι-δέησιν]
2543 4089 2617 4134 est
2638 4084 3084 4149 etymoloyicaflyn·

1921 4185 2005 4229 ra,
2051 4169 2111 4218 ds
2152 4184 2249 4233 qua
2284 4167 2394 4216 vide
2427 4166 2679 4216 Rehdantz
2712 4166 2824 4216 Ind.
2858 4166 2913 4214 1²
2954 4182 2991 4216 s.
3031 4183 3075 4216 v,

1921 4250 2228 4317 etymoloqica
2258 4251 2453 4315 fiqura,
2489 4248 2684 4298 Lobeck
2727 4248 2945 4313 Paralip.
2992 4265 3077 4314 pg-

1926 4334 2017 4382 501
2049 4349 2170 4398 sqq„
2186 4332 2259 4381 La
2274 4330 2441 4381 Rocbe
2456 4331 2699 4395 (Beitrfige
2718 4347 2803 4379 zur
2818 4346 2892 4394 gr.
2910 4330 3080 4380 Gram-

1922 4414 2097 4479 matik)
2123 4430 2206 4480 pg.
2235 4413 2331 4463 186
2360 4430 2480 4478 sqq„
2501 4413 2702 4463 Kiihner
2716 4412 2971 4476 (Gramm.)
2988 4412 3071 4461 11²

1924 4497 1970 4546 1.
1999 4512 2079 4561 pg.
2114 4496 2209 4546 261
2248 4511 2369 4560 sqq„
2401 4495 2595 4544 Straub.
2631 4495 2703 4545 1.1.
2737 4510 2816 4559 pg.
2849 4493 2946 4546 137
2974 4510 3080 4559 sqq.

1992 4581 2026 4640 ς’
2050 4578 2079 4626 3
2132 4575 2269 4627 ὅσοι
2322 4577 2438 4637 μὲν
2487 4581 2608 4626 τῶν
2656 4580 3083 4639 στρατιωτῶν

1924 4654 2079 4708 ἔστε
2122 4655 2301 4721 (ἦστε
2335 4658 2473 4722 Cob.)
2502 4687 2565 4698 —
2594 4657 2796 4708 αὗτοί
2831 4675 2905 4707 τε
2948 4657 3083 4708 ἀνα·

1924 4736 2246 4802 μνήσθητε
2278 4739 2387 4788 καῖ
2416 4768 2485 4780 -
2518 4739 2814 4806 Φράζετε
2840 4768 2909 4781 --
2937 4740 3080 4790 ὅσοι
