3350 5417
1482 631 1523 701 ¹7

266 820 704 900 Προκοννήσιοι
751 819 820 886 δὲ
861 816 1203 898 σύμμαχοι
1243 815 1408 890 ὄντες
1447 817 1715 884 ἱκέτευον
1760 817 1925 895 ὑμᾶς
1967 818 2028 883 ἐν
2072 819 2155 898 τῷ
2182 817 2350 901 δήμῳ
2373 821 2694 903 βοηθῆσαι,

264 925 566 1004 λέγοντες
623 921 728 992 ὅτι
781 924 901 989 ὑπὸ
950 922 1294 1005 Κυζικηνῶν
1342 923 1725 1004 κατέχονται
1774 925 1859 1005 τῷ
1907 922 2159 1005 πολέμῳ
2208 924 2314 989 καὶ
2364 928 2536 992 κατὰ
2575 935 2697 1006 γῆν

206 1047 235 1094 ο
264 1032 369 1097 καὶ
436 1032 633 1098 κατὰ
708 1031 1062 1105 θάλατταν,
1128 1029 1232 1094 καὶ
1296 1030 1386 1107 μὴ
1434 1030 1716 1110 περιιδεῖν
1765 1029 2202 1109 ἀπολομένους·
2252 1027 2328 1095 ὧν
2374 1031 2693 1108 ἀκούοντες

264 1138 441 1216 ὑμεῖς
510 1139 683 1205 τότε
747 1140 812 1202 ἐν
861 1138 946 1216 τῷ
993 1135 1164 1215 δήμῳ
1212 1137 1412 1201 αὐτῶν
1464 1161 1534 1202 τε
1582 1136 1893 1215 λεγόντων
1939 1138 2044 1201 καὶ
2094 1143 2211 1202 τῶν
2259 1139 2697 1220 συναγορευόν-

259 1268 379 1310 των
444 1247 685 1318 αὐτοῖς
709 1291 728 1323 ,
779 1241 871 1308 ἔτι
921 1242 985 1308 δὲ
1035 1248 1153 1306 τῶν
1200 1241 1474 1323 ἐμπόρων
1524 1243 1629 1307 καὶ
1679 1249 1798 1308 τῶν
1848 1245 2195 1322 ναυκλήρων
2245 1244 2378 1324 περὶ
2430 1244 2693 1312 ἔκπλουν

327 1415 353 1474 5
388 1414 439 1462 5.
476 1412 617 1462 Post
650 1408 896 1473 βοηθῆσαι
933 1425 1033 1458 om.
1067 1404 1240 1465 αὑτοῖς
1275 1408 1418 1458 Blass
1454 1424 1565 1458 cum
1598 1411 1660 1459 A.
1695 1437 1763 1448 —-

329 1498 354 1556 5
390 1496 445 1543 0.
478 1495 667 1556 (verba
699 1488 766 1541 ὃν
799 1489 1068 1548 ἀκούοντες
1105 1518 1168 1529 -
1196 1488 1372 1549 αὐτοῖς
1403 1491 1499 1540 huc
1533 1491 1838 1556 transposuit
1870 1491 2124 1552 Dindorf.;
2164 1493 2215 1542 in
2250 1493 2390 1543 codd.
2427 1494 2555 1542 iufra
2588 1499 2700 1560 post

266 1573 505 1625 bracem
542 1577 805 1641 leguntur)
837 1601 905 1614 —-
941 1573 1083 1635 ὑμεῖς
1117 1574 1240 1622 τότε
1273 1589 1343 1623 v.:
1380 1574 1504 1622 τότε
1540 1569 1681 1635 «fusa,-
1716 1575 1780 1624 cf.
1814 1574 1985 1634 XLIX,
2025 1575 2104 1625 13.
2136 1601 2205 1614 --

268 1720 495 1782 siacum,
534 1729 597 1771 ut
626 1737 796 1770 omnes
819 1719 958 1779 socii,
977 1719 1200 1769 coloniae
1218 1718 1281 1767 ad
1296 1718 1462 1767 Helle-
1537 1717 1620 1769 ’ἐτι
1651 1717 1710 1769 δέ
1738 1720 1841 1769 eius
1868 1721 2034 1770 locum
2062 1727 2285 1787 occupat,
2316 1739 2432 1772 mox
2462 1725 2612 1774 semel
2641 1742 2702 1775 τε

270 1811 519 1867 spontem
552 1804 682 1853 sitae
711 1804 776 1852 ad
803 1803 1159 1867 Spartanorum
1177 1802 1460 1851 societatem
1538 1809 1587 1853 et
1620 1803 1774 1852 sexies
1808 1803 1908 1853 καί.
1944 1805 2006 1854 cf.
2040 1804 2236 1855 Straub.
2273 1806 2311 1854 l.
2329 1806 2364 1855 1.
2406 1823 2487 1871 pg.
2524 1807 2638 1856 118.

272 1899 325 1933 se
381 1887 778 1951 applicuerunt,
822 1901 925 1934 non
979 1884 1064 1934 diu
1114 1889 1305 1943 tamen3
1356 1884 1458 1933 iam
1601 1885 1706 1934 iia-e
1757 1884 1846 1952 δὲ]
1898 1892 2032 1937 amet
2074 1893 2237 1937 orator
2285 1888 2428 1938 initio
2482 1890 2702 1939 enuntia·

270 1967 409 2016 caim
465 1968 553 2018 01.
609 1967 694 2019 97.
740 1969 770 2016 3
817 1968 975 2030 (390).
1025 1967 1387 2031 ThrasybuluS‚
1430 1983 1455 2015 e
1533 1973 1698 2018 torum
1734 1968 1963 2018 adhibere
1997 1969 2295 2034 particulam
2329 1968 2411 2019 ’ἐτι
2444 1968 2518 2031 δέ,
2553 1977 2610 2021 ut
2627 1972 2704 2021 de-

272 2049 421 2100 demo
470 2050 669 2115 Styria,
710 2050 839 2098 hanc
877 2049 1125 2113 regionem
1161 2049 1212 2097 in
1246 2053 1457 2114 potesta·
1532 2051 1629 2100 cies
1674 2051 1729 2099 in
1773 2041 1867 2099 hac
1912 2052 2132 2101 oratione
2149 2091 2162 2112 ‚
2215 2053 2267 2101 in
2302 2053 2505 2117 reliquis
2541 2054 2587 2103 ei
2620 2054 2703 2103 tri-

274 2139 379 2180 ten
412 2131 802 2182 Atheniensium
836 2131 1027 2194 redegit
1058 2132 1141 2194 (cf.
1175 2131 1295 2180 Xen.
1318 2130 1454 2181 Hell.
1529 2133 1663 2183 butis
1696 2133 1939 2193 undecies,
1970 2134 2034 2183 cf.
2066 2134 2198 2183 Uhle
2229 2134 2323 2184 1.1.
2355 2152 2436 2200 pg.
2472 2136 2552 2184 90.
2571 2135 2704 2184 Nun-

276 2211 337 2262 V.
370 2214 421 2264 8.
442 2217 511 2264 25
540 2231 667 2280 sqq„
696 2213 838 2263 Dem.
864 2214 972 2263 XX.
992 2214 1054 2262 59
1073 2216 1211 2279 sqq.),
1228 2230 1258 2262 a
1277 2214 1453 2278 quibus
1528 2233 1679 2296 quam
1724 2232 1838 2265 vero
1881 2216 2039 2265 utitur
2085 2217 2398 2282 copulatione
2432 2214 2505 2265 ’έτ
2522 2235 2538 2263 ι
2575 2234 2700 2266 τοι·

278 2310 395 2345 mox
436 2297 505 2346 ad
531 2297 749 2346 alterum
776 2297 950 2346 foedus
976 2301 1051 2346 est
1075 2297 1244 2346 ascita.
1272 2296 1367 2345 Sed
1395 2312 1453 2346 ex
1530 2317 1554 2347 ν
1572 2318 1600 2349 υ
1616 2318 1667 2360 ν,
1728 2315 1876 2364 quam
1927 2300 2166 2363 genuinus
2224 2300 2575 2349 Demosthenes
2621 2303 2702 2348 ad-

280 2393 341 2427 eo
375 2378 499 2429 inde
526 2387 749 2444 tempore
778 2379 1023 2443 principes
1052 2379 1296 2428 Thracum
1312 2379 1457 2429 Cher·
1533 2383 1736 2433 modum
1786 2398 1929 2446 saepe
1977 2388 2184 2447 usurpat
2234 2399 2276 2432 e.
2304 2399 2349 2446 g.
2394 2383 2447 2431 in
2482 2398 2549 2431 or.
2583 2381 2700 2430 XIX

284 2477 524 2511 sonetum
568 2461 668 2511 sibi
714 2461 1019 2511 vindicantes
1053 2477 1163 2511 cum
1199 2462 1460 2511 Athenien·
1534 2466 1720 2525 decies,
1762 2463 1846 2513 ’έτι
1895 2462 1950 2512 δέ
1996 2465 2141 2514 modo
2180 2464 2361 2524 semel,
2395 2464 2447 2512 in
2480 2464 2569 2513 XX
2597 2469 2700 2525 ter,

287 2543 437 2592 dhus
515 2545 577 2594 de
643 2544 927 2609 principat-u
997 2545 1252 2594 conabant
1313 2545 1459 2609 idque
1538 2554 1587 2599 et
1632 2548 1715 2597 ’ἔτι
1763 2544 1820 2595 δέ
1864 2546 1967 2606 bis,
2014 2547 2065 2595 in
2110 2547 2228 2596 XXI
2276 2553 2376 2608 ter,
2420 2553 2470 2596 et
2514 2544 2594 2596 ’ἔτι
2643 2543 2700 2594 δέ

290 2624 437 2675 haud
469 2626 763 2686 infeliciter,
800 2642 858 2675 ex
890 2625 986 2675 hoc
1020 2627 1149 2675 enim
1181 2626 1290 2676 loco
1323 2633 1463 2692 patet

294 2707 656 2773 Hiltocythem
719 2725 830 2758 eam
887 2710 1199 2773 occupavisse
1253 2715 1303 2760 et
1352 2715 1464 2760 tunc

296 2792 457 2854 ipsu·
512 2792 722 2841 reddere
764 2795 997 2855 paratum
1045 2808 1171 2852 esse,
1224 2794 1464 2843 auxilium

298 2875 365 2922 ab
400 2873 789 2923 Atheniensibus
817 2879 1065 2937 petentem
1093 2881 1262 2925 contra
1291 2875 1465 2941 Cotyn,

300 2957 441 3022 quod
477 2964 647 3007 tamen
681 2956 925 3006 auxilium
960 2957 1155 3006 irritum
1188 2958 1303 3017 fuit,
1333 2974 1467 3023 prae-

300 3040 477 3089 sertim
518 3038 971 3088 machinationibus
1008 3039 1193 3105 Cotyis.
1226 3040 1469 3089 Timoma-

299 3120 431 3170 chus
469 3121 601 3170 enim
636 3120 784 3184 Cotyi
818 3120 984 3174 cedere
1016 3127 1214 3171 coactus
1249 3127 1347 3181 est,
1381 3122 1467 3186 qui

302 3203 557 3269 Abydenis
586 3202 943 3252 auxiliantibus
961 3202 1153 3252 Sestum
1170 3204 1467 3269 expugnavit

300 3293 355 3335 et
403 3285 719 3336 Theotimum
764 3300 821 3333 ex
867 3285 957 3334 illa
1001 3287 1120 3335 urbe
1155 3286 1368 3352 expulit,
1403 3287 1467 3336 cf.

302 3368 583 3433 Hyperides
610 3367 654 3417 1.
687 3368 736 3416 1.
766 3366 997 3417 Attamen
1020 3368 1102 3417 01.
1125 3368 1238 3417 106.
1261 3370 1294 3417 4
1316 3368 1466 3431 (353).

306 3451 495 3500 Chares
544 3450 741 3499 Sestum
783 3450 964 3515 recepit
1009 3457 1059 3500 et
1105 3450 1467 3514 Cersobleptes,

310 3533 484 3598 Cotyis
526 3532 688 3591 filius,
721 3523 933 3581 urbibus'
953 3531 1256 3591 Chersonesi,
1289 3531 1468 3581 Cardia

310 3621 511 3665 tantum
589 3619 790 3678 excepta
803 3651 817 3673 ,
884 3614 1028 3663 cessit
1092 3614 1468 3664 Atheniensibus

313 3699 381 3747 ef.
432 3697 579 3745 Diod.
633 3694 765 3745 XVI.
816 3696 879 3744 34
930 3702 981 3746 et
1024 3697 1083 3746 de
1130 3697 1286 3746 altera
1317 3696 1471 3745 socie-

316 3787 423 3829 tate
469 3777 861 3836 Atheniensium,
910 3778 1112 3838 Busolt,
1161 3779 1260 3828 Der
1302 3778 1471 3828 zweite

316 3861 600 3911 athenische
628 3859 789 3919 Bund‚
818 3860 991 3911 Jahrb.
1021 3862 1055 3911 f.
1084 3861 1284 3922 Philol„
1301 3861 1471 3926 Suppl.

316 3943 409 3994 Bd.
444 3942 560 4004 Vn,
594 3941 743 3995 1874.

386 4023 447 4074 ἐν
478 4029 563 4087 τῷ
602 4023 801 4090 δήμῳ]
834 4025 887 4073 in
921 4026 1128 4075 cannitiis
1162 4032 1218 4076 ut
1250 4042 1359 4075 mox
1392 4027 1468 4089 56

318 4115 369 4157 et
410 4107 593 4173 passim
639 4107 771 4171 apud
815 4113 1027 4157 oratores
1073 4109 1134 4159 cf.
1167 4108 1318 4158 etiam
1349 4108 1471 4159 Xen.

322 4189 451 4240 11011.
488 4190 556 4239 II.
592 4191 640 4240 2.
662 4191 740 4238 14.

387 4276 410 4334 5
454 4273 504 4322 6.
548 4267 624 4321 ὗν
675 4269 1025 4330 ἀκούοντες
1078 4268 1269 4334 ὑμεῖς
1312 4270 1467 4339 κτί]

322 4355 383 4403 cf.
427 4354 489 4404 ad
529 4357 553 4417 5
588 4355 656 4403 14
688 4354 848 4403 initio.
883 4354 1025 4404 Hanc
1059 4354 1331 4419 congeriem
1363 4371 1470 4419 par·

320 4436 596 4501 tieipiorum
646 4442 811 4485 orator
858 4437 1019 4487 variat
1062 4436 1289 4501 genitivis
1334 4437 1471 4487 abso·

320 4517 462 4578 lutis,
505 4535 617 4569 mox
662 4518 961 4569 substituens
994 4519 1353 4568 nominativum
1384 4519 1466 4569 καὶ

322 4598 538 4660 ephree.
556 4600 851 4650 simillimus
870 4600 982 4650 huic
1000 4601 1109 4651 loco
1128 4608 1201 4650 est
1210 4601 1469 4661 XLIX,13.

387 4682 615 4748 Sequitur
676 4681 1056 4748 polysyndeton,
1114 4682 1359 4749 particula
1409 4700 1469 4732 τε

1539 2631 1719 2689 semel,
1761 2630 1813 2678 in
1849 2629 1992 2678 XXII
2028 2630 2173 2679 modo
2209 2635 2284 2679 ter
2319 2626 2402 2677 ’ἐτι
2437 2629 2616 2688 τοίνυν,
2649 2628 2701 2678 in

1540 2713 1712 2763 XXIII
1766 2711 2048 2777 quinquies,
2083 2712 2135 2761 in
2169 2711 2331 2761 XXIV
2365 2713 2542 2772 semel,
2570 2717 2620 2760 et
2647 2711 2700 2760 in

1541 2795 1730 2845 XXVII
1757 2795 1925 2854 semel,
1944 2800 2113 2844 contra
2143 2794 2399 2864 quinquies
2428 2792 2509 2843 ’ἐτι
2539 2791 2612 2843 δέ.
2639 2792 2701 2843 In

1542 2879 1621 2928 his
1644 2894 1727 2927 sex
1748 2877 2051 2927 orationibus
2068 2877 2420 2926 Demosthenes
2436 2874 2518 2925 ’ἐτι
2536 2874 2700 2924 τοίνυν

1545 2961 1694 3010 vicies
1721 2960 1892 3019 sexies,
1918 2957 1999 3008 ’ἔτι
2029 2957 2085 3008 δέ
2102 2966 2274 3010 contra
2295 2960 2463 3008 novies
2480 2963 2700 3022 usurpet.

1612 3048 1732 3092 τῶν
1784 3038 2072 3104 ἐμπόρων
2118 3040 2229 3091 καὶ
2274 3045 2395 3090 τῶν
2442 3038 2702 3097 ναυκλῆ·

1545 3143 1568 3187 ρ
1581 3125 1677 3190 ων]
1713 3140 1885 3188 nempe
1918 3124 2306 3174 Atheniensium.

1610 3205 1915 3272 ἔμπορος]
1960 3206 1988 3255 δ
2022 3204 2286 3271 ἀγοράζων
2321 3203 2408 3254 καὶ
2442 3201 2525 3253 ἐπὶ
2560 3201 2700 3267 ξένης

1544 3292 1737 3338 πωλῶν.
1773 3287 1924 3337 πέντε
1957 3287 2080 3337 εἷο-ἲν
2118 3289 2179 3337 αἱ
2207 3283 2437 3350 διαφοραὶ
2468 3288 2568 3334 τῶν
2598 3302 2699 3333 πω-

1546 3368 1779 3420 λούντων·
1818 3367 2141 3427 αὖτοπώλης,
2179 3367 2428 3426 κάπηλος,
2458 3367 2702 3429 ἔμπορος,

1545 3450 1956 3515 παλιγκάπηλος,
1991 3449 2308 3513 μεταβολεύς
2341 3452 2404 3500 cf.
2439 3450 2601 3500 Schol.
2636 3449 2700 3498 ad

1545 3533 1798 3599 Aristoph.
1830 3533 1965 3583 Plut.
2001 3535 2147 3583 1155.

1614 3613 1993 3682 ναύκληρος]
2026 3616 2166 3665 navis
2200 3613 2426 3665 dominus
2463 3615 2525 3663 cf.
2554 3613 2700 3663 Phot.

1546 3716 1585 3749 s.
1603 3716 1651 3748 v.
1669 3698 1698 3747 δ
1720 3700 1813 3756 τῆς
1830 3699 1946 3756 νεὼς
1966 3696 2123 3759 κύριος
2140 3696 2228 3746 καῖ
2243 3696 2269 3744 ὃ
2288 3693 2535 3745 ἐπιπλέων
2551 3693 2699 3760 αὐτῇ,

1545 3781 1815 3832 Salmasius
1849 3781 1908 3830 de
1942 3780 2031 3830 Us.
2064 3796 2146 3845 pg.
2185 3777 2299 3839 517,
2325 3775 2592 3838 ναύκληρος
2619 3794 2701 3825 na·

1544 3864 1834 3923 viculus-ius,
1890 3864 2029 3912 navis
2073 3863 2299 3926 maqister
2347 3876 2406 3909 ao
2454 3859 2673 3909 dominus
2686 3898 2700 3919 ,

1547 3947 1632 4012 qui
1657 3962 1768 3996 eam
1793 3946 1926 3995 locat
1953 3943 2229 3994 mercatori.
2248 3942 2321 3991 Ex
2341 3932 2578 4005 Harpocr.
2596 3957 2634 3991 s.
2651 3956 2699 3991 V.

1546 4034 1685 4094 patet
1716 4027 2013 4092 Hyperidem
2051 4026 2102 4075 in
2137 4024 2439 4074 orationibus
2470 4022 2580 4084 περὶ
2606 4025 2699 4071 τοῦ

1545 4110 1792 4172 ταρίχους
1852 4114 1901 4158 et
1962 4108 2077 4170 πρὸς
2140 4104 2553 4168 Ἀριστογείτονα
2604 4105 2697 4154 hoc

1546 4192 1785 4241 vocabulo
1846 4190 1997 4241 etiam
2047 4205 2191 4239 usum
2240 4205 2343 4238 esse
2394 4189 2452 4238 de
2504 4204 2560 4237 eo
2611 4187 2698 4252 qui

1545 4274 1764 4324 mercede
1807 4263 2073 4324 conductus
2120 4278 2194 4322 est
2239 4277 2296 4322 ut
2328 4271 2582 4337 pensiones
2617 4288 2699 4321 sn·

1543 4373 1667 4406 nuas
1700 4372 1788 4421 pro
1822 4357 1999 4406 locatis
2036 4354 2260 4406 domibus
2292 4355 2371 4404 vel
2400 4353 2574 4404 insulis
2601 4354 2698 4403 col·

1542 4439 1695 4503 ligat,
1742 4444 1792 4489 et
1838 4455 1896 4488 ex
1940 4438 2119 4488 Athen.
2158 4435 2219 4497 V,
2255 4436 2353 4487 209
2390 4438 2435 4487 A
2470 4435 2696 4486 concludi

1543 4526 1707 4584 potest
1735 4517 2000 4581 ναύκληρον
2029 4534 2140 4568 cum
2168 4519 2489 4582 gubernatore
2516 4524 2566 4568 et
2590 4533 2698 4582 pro·

1543 4608 1648 4651 reta
1685 4602 1927 4651 maleficia
1953 4602 2003 4651 in
2037 4601 2152 4651 navi
2180 4602 2437 4652 commissa
2465 4600 2695 4650 iudicare.

1611 4682 1754 4745 περὶ
1794 4681 2076 4732 ’ίκπλουν
2120 4680 2351 4749 ὅντων]
2385 4699 2497 4734 eum
2542 4682 2593 4732 in
2637 4698 2694 4731 eo

325 4764 597 4831 praeposita
633 4763 853 4828 sequitur
887 4770 1058 4828 quater
1091 4761 1202 4824 καί,
1237 4770 1288 4815 et
1320 4765 1469 4815 semel
1547 4771 1710 4816 essent
1743 4771 1799 4815 ut
1832 4781 1888 4815 ex
1923 4765 2081 4816 Ponto
2115 4764 2333 4815 Athenas
2359 4764 2660 4828 navigarent.
