<?xml version="1.0" encoding="UTF-8"?>
<!DOCTYPE html PUBLIC "-//W3C//DTD XHTML 1.0 Transitional//EN"
    "http://www.w3.org/TR/xhtml1/DTD/xhtml1-transitional.dtd">
<html xmlns="http://www.w3.org/1999/xhtml" xml:lang="en" lang="en">
 <head>
  <title>
</title>
<meta http-equiv="Content-Type" content="text/html;charset=utf-8" />
  <meta name='ocr-system' content='tesseract 3.04.00' />
  <meta name='ocr-capabilities' content='ocr_page ocr_carea ocr_par ocr_line ocrx_word'/>
</head>
<body>
  <div class='ocr_page' id='page_1' title='image "./quaeferturorati00haargoog_0027.png"; bbox 0 0 3350 5417; ppageno 0'>
   <div class='ocr_carea' id='block_1_1' title="bbox 1231 598 2644 646">
    <p class='ocr_par' dir='ltr' id='par_1_1' title="bbox 1231 598 2644 646">
     <span class='ocr_line' id='line_1_1' title="bbox 1231 598 2644 646; baseline 0.001 -1"><span class='ocrx_word' id='word_1_1' title='bbox 1231 598 1677 646; x_wconf 76' lang='lat' dir='ltr'>INTRODUC&#39;I&#39;IO.</span> <span class='ocrx_word' id='word_1_2' title='bbox 2553 600 2644 646; x_wconf 87' lang='lat' dir='ltr'>XV</span> 
     </span>
    </p>
   </div>
   <div class='ocr_carea' id='block_1_2' title="bbox 243 764 2644 3810">
    <p class='ocr_par' dir='ltr' id='par_1_2' title="bbox 245 764 2644 1372">
     <span class='ocr_line' id='line_1_2' title="bbox 253 764 2644 841; baseline 0.001 -16"><span class='ocrx_word' id='word_1_3' title='bbox 253 766 508 829; x_wconf 90' lang='lat' dir='ltr'>omnino</span> <span class='ocrx_word' id='word_1_4' title='bbox 570 786 698 829; x_wconf 91' lang='lat' dir='ltr'>non</span> <span class='ocrx_word' id='word_1_5' title='bbox 762 766 1154 828; x_wconf 79' lang='lat' dir='ltr'>instruerent</span> <span class='ocrx_word' id='word_1_6' title='bbox 1171 810 1189 841; x_wconf 87' lang='lat'>‚</span> <span class='ocrx_word' id='word_1_7' title='bbox 1256 765 1453 827; x_wconf 88' lang='lat' dir='ltr'>etiam</span> <span class='ocrx_word' id='word_1_8' title='bbox 1513 784 1641 827; x_wconf 91' lang='lat' dir='ltr'>una</span> <span class='ocrx_word' id='word_1_9' title='bbox 1704 765 1886 828; x_wconf 85' lang='lat' dir='ltr'>navis</span> <span class='ocrx_word' id='word_1_10' title='bbox 1952 764 2118 831; x_wconf 88' lang='lat' dir='ltr'>binis</span> <span class='ocrx_word' id='word_1_11' title='bbox 2182 764 2434 828; x_wconf 85' lang='lat' dir='ltr'>civibus</span> <span class='ocrx_word' id='word_1_12' title='bbox 2497 764 2644 829; x_wconf 86' lang='lat' dir='ltr'>data</span> 
     </span>
     <span class='ocr_line' id='line_1_3' title="bbox 251 867 2644 955; baseline 0.001 -24"><span class='ocrx_word' id='word_1_13' title='bbox 251 875 343 931; x_wconf 83' lang='lat' dir='ltr'>est</span> <span class='ocrx_word' id='word_1_14' title='bbox 361 918 379 946; x_wconf 90' lang='lat'>‚</span> <span class='ocrx_word' id='word_1_15' title='bbox 429 872 612 935; x_wconf 90' lang='lat' dir='ltr'>cuius</span> <span class='ocrx_word' id='word_1_16' title='bbox 660 873 756 934; x_wconf 88' lang='lat' dir='ltr'>rei</span> <span class='ocrx_word' id='word_1_17' title='bbox 808 871 1328 935; x_wconf 81' lang='lat' dir='ltr'>vetustissimum</span> <span class='ocrx_word' id='word_1_18' title='bbox 1377 867 1751 954; x_wconf 82' lang='lat' dir='ltr'>exemplum</span> <span class='ocrx_word' id='word_1_19' title='bbox 1797 869 1967 954; x_wconf 89' lang='lat' dir='ltr'>apud</span> <span class='ocrx_word' id='word_1_20' title='bbox 2012 869 2278 955; x_wconf 83' lang='lat' dir='ltr'><strong>Lysiam</strong></span> <span class='ocrx_word' id='word_1_21' title='bbox 2310 868 2355 949; x_wconf 89' lang='lat'>¹)</span> <span class='ocrx_word' id='word_1_22' title='bbox 2402 872 2644 934; x_wconf 86' lang='lat' dir='ltr'>inveni-</span> 
     </span>
     <span class='ocr_line' id='line_1_4' title="bbox 251 973 2644 1059; baseline 0.001 -23"><span class='ocrx_word' id='word_1_23' title='bbox 251 994 429 1051; x_wconf 87' lang='lat' dir='ltr'>mus,</span> <span class='ocrx_word' id='word_1_24' title='bbox 474 975 582 1040; x_wconf 88' lang='lat' dir='ltr'>sed</span> <span class='ocrx_word' id='word_1_25' title='bbox 631 996 711 1039; x_wconf 91' lang='lat' dir='ltr'>ne</span> <span class='ocrx_word' id='word_1_26' title='bbox 753 976 847 1040; x_wconf 89' lang='lat' dir='ltr'>sic</span> <span class='ocrx_word' id='word_1_27' title='bbox 896 975 1155 1059; x_wconf 90' lang='lat' dir='ltr'>quidem</span> <span class='ocrx_word' id='word_1_28' title='bbox 1201 994 1300 1038; x_wconf 91' lang='lat' dir='ltr'>res</span> <span class='ocrx_word' id='word_1_29' title='bbox 1349 976 1418 1037; x_wconf 88' lang='lat' dir='ltr'>in</span> <span class='ocrx_word' id='word_1_30' title='bbox 1464 973 1701 1038; x_wconf 90' lang='lat' dir='ltr'>melius</span> <span class='ocrx_word' id='word_1_31' title='bbox 1749 995 1814 1038; x_wconf 92' lang='lat' dir='ltr'>se</span> <span class='ocrx_word' id='word_1_32' title='bbox 1861 977 2059 1039; x_wconf 84' lang='lat' dir='ltr'>vertit</span> <span class='ocrx_word' id='word_1_33' title='bbox 2078 1023 2094 1051; x_wconf 91' lang='lat'><strong><em>,</em></strong></span> <span class='ocrx_word' id='word_1_34' title='bbox 2145 996 2388 1039; x_wconf 87' lang='lat' dir='ltr'>novum</span> <span class='ocrx_word' id='word_1_35' title='bbox 2428 980 2644 1039; x_wconf 86' lang='lat' dir='ltr'>contra</span> 
     </span>
     <span class='ocr_line' id='line_1_5' title="bbox 248 1080 2642 1157; baseline 0 -14"><span class='ocrx_word' id='word_1_36' title='bbox 248 1084 504 1145; x_wconf 83' lang='lat' dir='ltr'>accessit</span> <span class='ocrx_word' id='word_1_37' title='bbox 573 1080 867 1157; x_wconf 84' lang='lat' dir='ltr'>malum,</span> <span class='ocrx_word' id='word_1_38' title='bbox 939 1102 1063 1144; x_wconf 90' lang='lat' dir='ltr'>non</span> <span class='ocrx_word' id='word_1_39' title='bbox 1124 1100 1264 1144; x_wconf 87' lang='lat' dir='ltr'>raro</span> <span class='ocrx_word' id='word_1_40' title='bbox 1333 1082 1538 1144; x_wconf 90' lang='lat' dir='ltr'>enim·</span> <span class='ocrx_word' id='word_1_41' title='bbox 1570 1080 1764 1144; x_wconf 91' lang='lat' dir='ltr'>fiebat</span> <span class='ocrx_word' id='word_1_42' title='bbox 1824 1086 1899 1144; x_wconf 93' lang='lat' dir='ltr'>ut</span> <span class='ocrx_word' id='word_1_43' title='bbox 1960 1081 2347 1145; x_wconf 77' lang='lat' dir='ltr'>trierarchus</span> <span class='ocrx_word' id='word_1_44' title='bbox 2406 1101 2642 1144; x_wconf 89' lang='lat' dir='ltr'>munus</span> 
     </span>
     <span class='ocr_line' id='line_1_6' title="bbox 245 1185 2640 1271; baseline 0.001 -25"><span class='ocrx_word' id='word_1_45' title='bbox 245 1205 434 1250; x_wconf 86' lang='lat' dir='ltr'>suum</span> <span class='ocrx_word' id='word_1_46' title='bbox 478 1186 665 1252; x_wconf 86' lang='lat' dir='ltr'>alteri</span> <span class='ocrx_word' id='word_1_47' title='bbox 711 1186 954 1252; x_wconf 78' lang='lat' dir='ltr'>locaret</span> <span class='ocrx_word' id='word_1_48' title='bbox 971 1234 988 1264; x_wconf 86' lang='lat'><em>,</em></span> <span class='ocrx_word' id='word_1_49' title='bbox 1038 1186 1146 1251; x_wconf 87' lang='lat' dir='ltr'>sed</span> <span class='ocrx_word' id='word_1_50' title='bbox 1193 1189 1248 1250; x_wconf 90' lang='lat' dir='ltr'>si</span> <span class='ocrx_word' id='word_1_51' title='bbox 1297 1185 1618 1270; x_wconf 79' lang='lat' dir='ltr'>expeditio</span> <span class='ocrx_word' id='word_1_52' title='bbox 1667 1206 1900 1271; x_wconf 90' lang='lat' dir='ltr'>parum</span> <span class='ocrx_word' id='word_1_53' title='bbox 1948 1189 2249 1250; x_wconf 90' lang='lat' dir='ltr'>successit</span> <span class='ocrx_word' id='word_1_54' title='bbox 2267 1234 2283 1264; x_wconf 91' lang='lat'><em>,</em></span> <span class='ocrx_word' id='word_1_55' title='bbox 2332 1185 2640 1251; x_wconf 81' lang='lat' dir='ltr'>locatores</span> 
     </span>
     <span class='ocr_line' id='line_1_7' title="bbox 246 1290 1467 1372; baseline -0.001 -16"><span class='ocrx_word' id='word_1_56' title='bbox 246 1291 658 1358; x_wconf 86' lang='lat' dir='ltr'>nihilominus</span> <span class='ocrx_word' id='word_1_57' title='bbox 705 1295 778 1356; x_wconf 90' lang='lat' dir='ltr'>in</span> <span class='ocrx_word' id='word_1_58' title='bbox 828 1294 933 1356; x_wconf 91' lang='lat' dir='ltr'>ius</span> <span class='ocrx_word' id='word_1_59' title='bbox 978 1293 1368 1357; x_wconf 84' lang='lat' dir='ltr'>vocabantur</span> <span class='ocrx_word' id='word_1_60' title='bbox 1392 1290 1467 1372; x_wconf 76' lang='lat'>⁹).</span> 
     </span>
    </p>

    <p class='ocr_par' dir='ltr' id='par_1_3' title="bbox 243 1396 2640 3810">
     <span class='ocr_line' id='line_1_8' title="bbox 335 1396 2637 1476; baseline 0 -15"><span class='ocrx_word' id='word_1_61' title='bbox 335 1396 502 1476; x_wconf 81' lang='lat' dir='ltr'>Quae</span> <span class='ocrx_word' id='word_1_62' title='bbox 563 1400 730 1464; x_wconf 81' lang='lat' dir='ltr'>vitia</span> <span class='ocrx_word' id='word_1_63' title='bbox 798 1403 875 1461; x_wconf 89' lang='lat' dir='ltr'>ut</span> <span class='ocrx_word' id='word_1_64' title='bbox 934 1397 1188 1463; x_wconf 83' lang='lat' dir='ltr'>tolleret</span> <span class='ocrx_word' id='word_1_65' title='bbox 1255 1403 1320 1462; x_wconf 92' lang='lat' dir='ltr'>et</span> <span class='ocrx_word' id='word_1_66' title='bbox 1373 1418 1514 1462; x_wconf 87' lang='lat' dir='ltr'>rem</span> <span class='ocrx_word' id='word_1_67' title='bbox 1563 1396 1858 1461; x_wconf 85' lang='lat' dir='ltr'>navalem</span> <span class='ocrx_word' id='word_1_68' title='bbox 1900 1399 1969 1460; x_wconf 91' lang='lat' dir='ltr'>in</span> <span class='ocrx_word' id='word_1_69' title='bbox 2016 1396 2350 1461; x_wconf 89' lang='lat' dir='ltr'>meliorem</span> <span class='ocrx_word' id='word_1_70' title='bbox 2398 1404 2637 1462; x_wconf 87' lang='lat' dir='ltr'>statum</span> 
     </span>
     <span class='ocr_line' id='line_1_9' title="bbox 245 1501 2640 1589; baseline 0 -22"><span class='ocrx_word' id='word_1_71' title='bbox 245 1507 603 1570; x_wconf 85' lang='lat' dir='ltr'>restitueret</span> <span class='ocrx_word' id='word_1_72' title='bbox 664 1502 984 1589; x_wconf 90' lang='lat' dir='ltr'>populus,</span> <span class='ocrx_word' id='word_1_73' title='bbox 1048 1509 1314 1589; x_wconf 83' lang='lat' dir='ltr'>rogante</span> <span class='ocrx_word' id='word_1_74' title='bbox 1385 1503 1769 1581; x_wconf 83' lang='lat' dir='ltr'>PeriandrO,</span> <span class='ocrx_word' id='word_1_75' title='bbox 1844 1503 1922 1568; x_wconf 94' lang='lat' dir='ltr'>ab</span> <span class='ocrx_word' id='word_1_76' title='bbox 1996 1501 2095 1567; x_wconf 90' lang='grc'>01.</span> <span class='ocrx_word' id='word_1_77' title='bbox 2176 1501 2322 1568; x_wconf 81' lang='lat'>105.</span> <span class='ocrx_word' id='word_1_78' title='bbox 2351 1502 2391 1566; x_wconf 89' lang='lat'>4</span> <span class='ocrx_word' id='word_1_79' title='bbox 2453 1501 2640 1585; x_wconf 76' lang='lat'><strong>(357)</strong></span> 
     </span>
     <span class='ocr_line' id='line_1_10' title="bbox 244 1609 2638 1694; baseline 0.002 -24"><span class='ocrx_word' id='word_1_80' title='bbox 244 1613 748 1693; x_wconf 78' lang='lat' dir='ltr'>symmoriarum</span> <span class='ocrx_word' id='word_1_81' title='bbox 813 1609 1304 1694; x_wconf 81' lang='lat' dir='ltr'>descriptionem</span> <span class='ocrx_word' id='word_1_82' title='bbox 1365 1611 1623 1674; x_wconf 88' lang='lat' dir='ltr'>muneri</span> <span class='ocrx_word' id='word_1_83' title='bbox 1669 1609 2002 1674; x_wconf 83' lang='lat' dir='ltr'>trierarchi</span> <span class='ocrx_word' id='word_1_84' title='bbox 2049 1612 2256 1693; x_wconf 90' lang='lat' dir='ltr'>coepit</span> <span class='ocrx_word' id='word_1_85' title='bbox 2302 1609 2638 1686; x_wconf 87' lang='lat' dir='ltr'>adhibere;</span> 
     </span>
     <span class='ocr_line' id='line_1_11' title="bbox 244 1713 2638 1802; baseline 0 -25"><span class='ocrx_word' id='word_1_86' title='bbox 244 1715 531 1781; x_wconf 83' lang='lat' dir='ltr'>videlicet</span> <span class='ocrx_word' id='word_1_87' title='bbox 618 1714 808 1780; x_wconf 89' lang='lat' dir='ltr'>mille</span> <span class='ocrx_word' id='word_1_88' title='bbox 879 1713 1135 1780; x_wconf 91' lang='lat' dir='ltr'>ducenti</span> <span class='ocrx_word' id='word_1_89' title='bbox 1202 1715 1702 1802; x_wconf 86' lang='lat' dir='ltr'>locupletissimi</span> <span class='ocrx_word' id='word_1_90' title='bbox 1770 1718 2015 1780; x_wconf 81' lang='lat' dir='ltr'>civium</span> <span class='ocrx_word' id='word_1_91' title='bbox 2085 1735 2122 1779; x_wconf 87' lang='lat' dir='ltr'>a</span> <span class='ocrx_word' id='word_1_92' title='bbox 2190 1718 2490 1800; x_wconf 82' lang='lat' dir='ltr'>strategis</span> <span class='ocrx_word' id='word_1_93' title='bbox 2560 1736 2638 1779; x_wconf 82' lang='lat' dir='ltr'>ex</span> 
     </span>
     <span class='ocr_line' id='line_1_12' title="bbox 243 1820 2640 1908; baseline 0.001 -25"><span class='ocrx_word' id='word_1_94' title='bbox 243 1820 470 1886; x_wconf 84' lang='lat' dir='ltr'>tabulis</span> <span class='ocrx_word' id='word_1_95' title='bbox 537 1822 843 1885; x_wconf 87' lang='lat' dir='ltr'>tribuum</span> <span class='ocrx_word' id='word_1_96' title='bbox 910 1822 978 1883; x_wconf 91' lang='lat' dir='ltr'>in</span> <span class='ocrx_word' id='word_1_97' title='bbox 1045 1823 1282 1907; x_wconf 85' lang='lat' dir='ltr'>viginti</span> <span class='ocrx_word' id='word_1_98' title='bbox 1344 1822 1737 1908; x_wconf 83' lang='lat' dir='ltr'>symmorias</span> <span class='ocrx_word' id='word_1_99' title='bbox 1800 1826 1951 1884; x_wconf 87' lang='lat' dir='ltr'>sunt</span> <span class='ocrx_word' id='word_1_100' title='bbox 2015 1820 2239 1898; x_wconf 85' lang='lat' dir='ltr'>divisi,</span> <span class='ocrx_word' id='word_1_101' title='bbox 2306 1842 2419 1906; x_wconf 90' lang='lat' dir='ltr'>per</span> <span class='ocrx_word' id='word_1_102' title='bbox 2482 1841 2640 1905; x_wconf 87' lang='lat' dir='ltr'>quas</span> 
     </span>
     <span class='ocr_line' id='line_1_13' title="bbox 245 1925 2637 2013; baseline 0 -24"><span class='ocrx_word' id='word_1_103' title='bbox 245 1945 430 1991; x_wconf 83' lang='lat' dir='ltr'>naves</span> <span class='ocrx_word' id='word_1_104' title='bbox 447 1976 465 2004; x_wconf 90' lang='lat'>‚</span> <span class='ocrx_word' id='word_1_105' title='bbox 538 1932 704 2011; x_wconf 89' lang='lat' dir='ltr'>quot</span> <span class='ocrx_word' id='word_1_106' title='bbox 776 1929 1117 2010; x_wconf 87' lang='lat' dir='ltr'>quotannis</span> <span class='ocrx_word' id='word_1_107' title='bbox 1187 1948 1345 2012; x_wconf 89' lang='lat' dir='ltr'>opus</span> <span class='ocrx_word' id='word_1_108' title='bbox 1415 1932 1596 1991; x_wconf 89' lang='lat' dir='ltr'>erant</span> <span class='ocrx_word' id='word_1_109' title='bbox 1612 1974 1629 2004; x_wconf 92' lang='lat'><strong><em>,</em></strong></span> <span class='ocrx_word' id='word_1_110' title='bbox 1702 1926 2258 1991; x_wconf 85' lang='lat' dir='ltr'>distribuerentur.</span> <span class='ocrx_word' id='word_1_111' title='bbox 2329 1925 2637 2013; x_wconf 81' lang='lat' dir='ltr'>Singulae</span> 
     </span>
     <span class='ocr_line' id='line_1_14' title="bbox 245 2031 2636 2116; baseline 0.002 -23"><span class='ocrx_word' id='word_1_112' title='bbox 245 2040 454 2097; x_wconf 84' lang='lat' dir='ltr'>autem</span> <span class='ocrx_word' id='word_1_113' title='bbox 507 2053 713 2097; x_wconf 79' lang='lat' dir='ltr'>naves</span> <span class='ocrx_word' id='word_1_114' title='bbox 777 2031 968 2096; x_wconf 92' lang='lat' dir='ltr'>modo</span> <span class='ocrx_word' id='word_1_115' title='bbox 1035 2033 1197 2096; x_wconf 91' lang='lat' dir='ltr'>binis</span> <span class='ocrx_word' id='word_1_116' title='bbox 1215 2080 1233 2110; x_wconf 89' lang='lat'>‚</span> <span class='ocrx_word' id='word_1_117' title='bbox 1295 2033 1486 2097; x_wconf 94' lang='lat' dir='ltr'>modo</span> <span class='ocrx_word' id='word_1_118' title='bbox 1550 2035 1750 2096; x_wconf 91' lang='lat' dir='ltr'>ternis</span> <span class='ocrx_word' id='word_1_119' title='bbox 1771 2080 1786 2109; x_wconf 91' lang='lat'><em>,</em></span> <span class='ocrx_word' id='word_1_120' title='bbox 1853 2034 2068 2116; x_wconf 90' lang='lat' dir='ltr'>quinis</span> <span class='ocrx_word' id='word_1_121' title='bbox 2087 2079 2104 2109; x_wconf 92' lang='lat'><strong><em>,</em></strong></span> <span class='ocrx_word' id='word_1_122' title='bbox 2170 2034 2335 2095; x_wconf 88' lang='lat' dir='ltr'>senis</span> <span class='ocrx_word' id='word_1_123' title='bbox 2356 2081 2373 2109; x_wconf 90' lang='lat'>‚</span> <span class='ocrx_word' id='word_1_124' title='bbox 2440 2035 2636 2097; x_wconf 87' lang='lat' dir='ltr'>etiam</span> 
     </span>
     <span class='ocr_line' id='line_1_15' title="bbox 247 2138 2635 2223; baseline 0 -22"><span class='ocrx_word' id='word_1_125' title='bbox 247 2141 406 2202; x_wconf 87' lang='lat' dir='ltr'>senis</span> <span class='ocrx_word' id='word_1_126' title='bbox 443 2139 624 2204; x_wconf 91' lang='lat' dir='ltr'>denis</span> <span class='ocrx_word' id='word_1_127' title='bbox 667 2138 919 2203; x_wconf 87' lang='lat' dir='ltr'>civibus</span> <span class='ocrx_word' id='word_1_128' title='bbox 956 2139 1489 2215; x_wconf 86' lang='lat' dir='ltr'>attribuebantur,</span> <span class='ocrx_word' id='word_1_129' title='bbox 1533 2139 1763 2223; x_wconf 86' lang='lat' dir='ltr'>quibus</span> <span class='ocrx_word' id='word_1_130' title='bbox 1804 2160 2035 2203; x_wconf 89' lang='lat' dir='ltr'>nomen</span> <span class='ocrx_word' id='word_1_131' title='bbox 2068 2143 2204 2203; x_wconf 89' lang='lat' dir='ltr'>erat</span> <span class='ocrx_word' id='word_1_132' title='bbox 2227 2146 2542 2209; x_wconf 77' lang='grc' dir='ltr'><em>συντελεῖς</em></span> <span class='ocrx_word' id='word_1_133' title='bbox 2564 2140 2635 2219; x_wconf 78' lang='lat'>³).</span> 
     </span>
     <span class='ocr_line' id='line_1_16' title="bbox 246 2241 2639 2328; baseline 0.001 -24"><span class='ocrx_word' id='word_1_134' title='bbox 246 2241 457 2308; x_wconf 84' lang='lat' dir='ltr'>Etiam</span> <span class='ocrx_word' id='word_1_135' title='bbox 514 2244 640 2309; x_wconf 88' lang='lat' dir='ltr'>hac</span> <span class='ocrx_word' id='word_1_136' title='bbox 696 2245 767 2307; x_wconf 93' lang='lat' dir='ltr'>in</span> <span class='ocrx_word' id='word_1_137' title='bbox 814 2263 881 2306; x_wconf 91' lang='lat' dir='ltr'>re</span> <span class='ocrx_word' id='word_1_138' title='bbox 928 2246 1225 2308; x_wconf 90' lang='lat' dir='ltr'>trecentis</span> <span class='ocrx_word' id='word_1_139' title='bbox 1271 2242 1798 2328; x_wconf 85' lang='lat' dir='ltr'>locupletissimis</span> <span class='ocrx_word' id='word_1_140' title='bbox 1845 2250 1921 2308; x_wconf 91' lang='lat' dir='ltr'>ut</span> <span class='ocrx_word' id='word_1_141' title='bbox 1966 2244 2265 2321; x_wconf 73' lang='grc' dir='ltr'><strong><em>ἦγἐμόσιν</em></strong></span> <span class='ocrx_word' id='word_1_142' title='bbox 2314 2249 2378 2307; x_wconf 92' lang='lat' dir='ltr'>et</span> <span class='ocrx_word' id='word_1_143' title='bbox 2428 2245 2639 2320; x_wconf 73' lang='grc' dir='ltr'><strong><em>ἐπιμε-</em></strong></span> 
     </span>
     <span class='ocr_line' id='line_1_17' title="bbox 245 2350 2636 2433; baseline 0.002 -24"><span class='ocrx_word' id='word_1_144' title='bbox 245 2358 463 2422; x_wconf 75' lang='grc' dir='ltr'><strong><em>ληταῖς</em></strong></span> <span class='ocrx_word' id='word_1_145' title='bbox 510 2355 633 2413; x_wconf 79' lang='grc' dir='ltr'>τῶν</span> <span class='ocrx_word' id='word_1_146' title='bbox 681 2356 1029 2428; x_wconf 76' lang='grc' dir='ltr'><strong><em>συμμοριῶν</em></strong></span> <span class='ocrx_word' id='word_1_147' title='bbox 1041 2356 1103 2430; x_wconf 71' lang='lat'>⁴)</span> <span class='ocrx_word' id='word_1_148' title='bbox 1151 2350 1529 2415; x_wconf 89' lang='lat' dir='ltr'>mandatum</span> <span class='ocrx_word' id='word_1_149' title='bbox 1567 2356 1706 2415; x_wconf 88' lang='lat' dir='ltr'>erat</span> <span class='ocrx_word' id='word_1_150' title='bbox 1742 2371 1936 2415; x_wconf 85' lang='lat' dir='ltr'>naves</span> <span class='ocrx_word' id='word_1_151' title='bbox 1975 2353 2289 2414; x_wconf 87' lang='lat' dir='ltr'>instruere</span> <span class='ocrx_word' id='word_1_152' title='bbox 2328 2354 2393 2414; x_wconf 83' lang='lat' dir='ltr'>et</span> <span class='ocrx_word' id='word_1_153' title='bbox 2417 2355 2636 2433; x_wconf 85' lang='lat' dir='ltr'>postea</span> 
     </span>
     <span class='ocr_line' id='line_1_18' title="bbox 246 2455 2636 2542; baseline -0.001 -22"><span class='ocrx_word' id='word_1_154' title='bbox 246 2458 578 2538; x_wconf 87' lang='lat' dir='ltr'>pecuniam</span> <span class='ocrx_word' id='word_1_155' title='bbox 623 2476 664 2520; x_wconf 89' lang='lat' dir='ltr'>a</span> <span class='ocrx_word' id='word_1_156' title='bbox 711 2458 933 2519; x_wconf 88' lang='lat' dir='ltr'>ceteris</span> <span class='ocrx_word' id='word_1_157' title='bbox 980 2455 1300 2520; x_wconf 84' lang='lat' dir='ltr'>sodalibus</span> <span class='ocrx_word' id='word_1_158' title='bbox 1348 2477 1462 2541; x_wconf 88' lang='lat' dir='ltr'>pro</span> <span class='ocrx_word' id='word_1_159' title='bbox 1508 2458 1799 2541; x_wconf 88' lang='lat' dir='ltr'>portione</span> <span class='ocrx_word' id='word_1_160' title='bbox 1846 2458 2098 2542; x_wconf 85' lang='lat' dir='ltr'>exigere</span> <span class='ocrx_word' id='word_1_161' title='bbox 2116 2476 2132 2533; x_wconf 89' lang='lat'>;</span> <span class='ocrx_word' id='word_1_162' title='bbox 2185 2455 2294 2520; x_wconf 90' lang='lat' dir='ltr'>sed</span> <span class='ocrx_word' id='word_1_163' title='bbox 2339 2460 2414 2518; x_wconf 91' lang='lat' dir='ltr'>ut</span> <span class='ocrx_word' id='word_1_164' title='bbox 2453 2460 2636 2519; x_wconf 89' lang='lat' dir='ltr'>antea</span> 
     </span>
     <span class='ocr_line' id='line_1_19' title="bbox 245 2557 2637 2647; baseline 0 -22"><span class='ocrx_word' id='word_1_165' title='bbox 245 2564 438 2626; x_wconf 81' lang='lat' dir='ltr'>ctiam</span> <span class='ocrx_word' id='word_1_166' title='bbox 475 2563 546 2626; x_wconf 90' lang='lat' dir='ltr'>hi</span> <span class='ocrx_word' id='word_1_167' title='bbox 584 2583 826 2626; x_wconf 91' lang='lat' dir='ltr'>munus</span> <span class='ocrx_word' id='word_1_168' title='bbox 866 2562 1372 2647; x_wconf 87' lang='lat' dir='ltr'>redemptoribus</span> <span class='ocrx_word' id='word_1_169' title='bbox 1409 2561 1617 2627; x_wconf 88' lang='lat' dir='ltr'>locare</span> <span class='ocrx_word' id='word_1_170' title='bbox 1637 2611 1653 2640; x_wconf 88' lang='lat'><strong><em>,</em></strong></span> <span class='ocrx_word' id='word_1_171' title='bbox 1698 2570 1763 2628; x_wconf 91' lang='lat' dir='ltr'>et</span> <span class='ocrx_word' id='word_1_172' title='bbox 1800 2557 2142 2647; x_wconf 88' lang='lat' dir='ltr'>pecuniam</span> <span class='ocrx_word' id='word_1_173' title='bbox 2179 2565 2271 2626; x_wconf 90' lang='lat' dir='ltr'>ita</span> <span class='ocrx_word' id='word_1_174' title='bbox 2301 2565 2370 2626; x_wconf 88' lang='lat' dir='ltr'>in</span> <span class='ocrx_word' id='word_1_175' title='bbox 2396 2560 2637 2626; x_wconf 91' lang='lat' dir='ltr'>sodales</span> 
     </span>
     <span class='ocr_line' id='line_1_20' title="bbox 247 2666 2632 2753; baseline 0 -22"><span class='ocrx_word' id='word_1_176' title='bbox 247 2666 521 2733; x_wconf 83' lang='lat' dir='ltr'>dividere</span> <span class='ocrx_word' id='word_1_177' title='bbox 585 2666 912 2744; x_wconf 88' lang='lat' dir='ltr'>solebant,</span> <span class='ocrx_word' id='word_1_178' title='bbox 975 2674 1053 2732; x_wconf 92' lang='lat' dir='ltr'>ut</span> <span class='ocrx_word' id='word_1_179' title='bbox 1111 2670 1239 2753; x_wconf 86' lang='lat' dir='ltr'>ipsi</span> <span class='ocrx_word' id='word_1_180' title='bbox 1300 2667 1468 2732; x_wconf 90' lang='lat' dir='ltr'>nihil</span> <span class='ocrx_word' id='word_1_181' title='bbox 1513 2669 1860 2753; x_wconf 88' lang='lat' dir='ltr'>penderent</span> <span class='ocrx_word' id='word_1_182' title='bbox 1887 2671 1955 2745; x_wconf 88' lang='lat'>⁵),</span> <span class='ocrx_word' id='word_1_183' title='bbox 2005 2670 2111 2731; x_wconf 90' lang='lat' dir='ltr'>cui</span> <span class='ocrx_word' id='word_1_184' title='bbox 2157 2667 2329 2732; x_wconf 91' lang='lat' dir='ltr'>malo</span> <span class='ocrx_word' id='word_1_185' title='bbox 2377 2668 2632 2732; x_wconf 89' lang='lat' dir='ltr'>tandem</span> 
     </span>
     <span class='ocr_line' id='line_1_21' title="bbox 244 2770 2634 2861; baseline 0 -26"><span class='ocrx_word' id='word_1_186' title='bbox 244 2770 385 2861; x_wconf 81' lang='lat' dir='ltr'>lege</span> <span class='ocrx_word' id='word_1_187' title='bbox 422 2795 539 2840; x_wconf 87' lang='lat' dir='ltr'>sua</span> <span class='ocrx_word' id='word_1_188' title='bbox 582 2775 989 2839; x_wconf 87' lang='lat' dir='ltr'>trierarchica</span> <span class='ocrx_word' id='word_1_189' title='bbox 1026 2774 1221 2839; x_wconf 90' lang='lat' dir='ltr'>finem</span> <span class='ocrx_word' id='word_1_190' title='bbox 1259 2777 1569 2859; x_wconf 89' lang='lat' dir='ltr'>imposuit</span> <span class='ocrx_word' id='word_1_191' title='bbox 1608 2773 2091 2838; x_wconf 89' lang='lat' dir='ltr'>Demosthenes.</span> <span class='ocrx_word' id='word_1_192' title='bbox 2134 2772 2259 2853; x_wconf 80' lang='lat' dir='ltr'>Qui</span> <span class='ocrx_word' id='word_1_193' title='bbox 2297 2780 2634 2860; x_wconf 87' lang='lat' dir='ltr'>postquam</span> 
     </span>
     <span class='ocr_line' id='line_1_22' title="bbox 244 2878 2633 2966; baseline 0 -23"><span class='ocrx_word' id='word_1_194' title='bbox 244 2882 310 2943; x_wconf 88' lang='lat' dir='ltr'>in</span> <span class='ocrx_word' id='word_1_195' title='bbox 369 2884 658 2947; x_wconf 86' lang='lat' dir='ltr'>oratione</span> <span class='ocrx_word' id='word_1_196' title='bbox 716 2880 837 2956; x_wconf 87' lang='lat' dir='ltr'>„de</span> <span class='ocrx_word' id='word_1_197' title='bbox 885 2879 1317 2966; x_wconf 81' lang='lat' dir='ltr'>Symmoriis&#39;&#39;</span> <span class='ocrx_word' id='word_1_198' title='bbox 1347 2881 1401 2960; x_wconf 77' lang='lat'>⁸)</span> <span class='ocrx_word' id='word_1_199' title='bbox 1449 2879 1576 2958; x_wconf 89' lang='grc'>(01.</span> <span class='ocrx_word' id='word_1_200' title='bbox 1630 2879 1780 2945; x_wconf 89' lang='grc'>106.</span> <span class='ocrx_word' id='word_1_201' title='bbox 1809 2878 1850 2944; x_wconf 88' lang='grc'>4</span> <span class='ocrx_word' id='word_1_202' title='bbox 1900 2878 2131 2964; x_wconf 84' lang='grc'>(353))</span> <span class='ocrx_word' id='word_1_203' title='bbox 2178 2886 2398 2965; x_wconf 84' lang='lat' dir='ltr'>egerat</span> <span class='ocrx_word' id='word_1_204' title='bbox 2445 2881 2521 2944; x_wconf 93' lang='lat' dir='ltr'>de</span> <span class='ocrx_word' id='word_1_205' title='bbox 2566 2900 2633 2943; x_wconf 97' lang='lat' dir='ltr'>re</span> 
     </span>
     <span class='ocr_line' id='line_1_23' title="bbox 247 2984 2633 3071; baseline -0 -21"><span class='ocrx_word' id='word_1_206' title='bbox 247 2988 647 3052; x_wconf 83' lang='lat' dir='ltr'>trierarchica</span> <span class='ocrx_word' id='word_1_207' title='bbox 695 2986 1103 3064; x_wconf 84' lang='lat' dir='ltr'>emendanda,</span> <span class='ocrx_word' id='word_1_208' title='bbox 1153 2989 1319 3051; x_wconf 80' lang='lat' dir='ltr'>circa</span> <span class='ocrx_word' id='word_1_209' title='bbox 1366 2984 1465 3049; x_wconf 91' lang='grc'>01.</span> <span class='ocrx_word' id='word_1_210' title='bbox 1520 2985 1670 3050; x_wconf 89' lang='grc'>110.</span> <span class='ocrx_word' id='word_1_211' title='bbox 1698 2985 1740 3051; x_wconf 84' lang='grc'>2</span> <span class='ocrx_word' id='word_1_212' title='bbox 1790 2984 1976 3065; x_wconf 86' lang='grc'>(339)</span> <span class='ocrx_word' id='word_1_213' title='bbox 2024 2986 2239 3071; x_wconf 89' lang='lat' dir='ltr'>legem</span> <span class='ocrx_word' id='word_1_214' title='bbox 2278 2985 2466 3064; x_wconf 85' lang='lat' dir='ltr'>tulit,</span> <span class='ocrx_word' id='word_1_215' title='bbox 2507 3005 2633 3069; x_wconf 85' lang='lat' dir='ltr'>qua</span> 
     </span>
     <span class='ocr_line' id='line_1_24' title="bbox 245 3090 2634 3178; baseline -0 -24"><span class='ocrx_word' id='word_1_216' title='bbox 245 3092 560 3178; x_wconf 83' lang='lat' dir='ltr'>abrogatis</span> <span class='ocrx_word' id='word_1_217' title='bbox 626 3094 1002 3177; x_wconf 84' lang='lat' dir='ltr'>symmoriis</span> <span class='ocrx_word' id='word_1_218' title='bbox 1064 3095 1236 3157; x_wconf 85' lang='lat' dir='ltr'>cives</span> <span class='ocrx_word' id='word_1_219' title='bbox 1297 3092 1648 3156; x_wconf 91' lang='lat' dir='ltr'>secundum</span> <span class='ocrx_word' id='word_1_220' title='bbox 1712 3112 1972 3156; x_wconf 89' lang='lat' dir='ltr'>censum</span> <span class='ocrx_word' id='word_1_221' title='bbox 2033 3094 2126 3156; x_wconf 91' lang='lat' dir='ltr'>rei</span> <span class='ocrx_word' id='word_1_222' title='bbox 2183 3091 2518 3156; x_wconf 86' lang='lat' dir='ltr'>familiaris</span> <span class='ocrx_word' id='word_1_223' title='bbox 2564 3090 2634 3153; x_wconf 92' lang='lat' dir='ltr'>id</span> 
     </span>
     <span class='ocr_line' id='line_1_25' title="bbox 246 3196 2631 3281; baseline -0.001 -20"><span class='ocrx_word' id='word_1_224' title='bbox 246 3218 476 3261; x_wconf 86' lang='lat' dir='ltr'>munus</span> <span class='ocrx_word' id='word_1_225' title='bbox 540 3198 859 3281; x_wconf 83' lang='lat' dir='ltr'>suscipere</span> <span class='ocrx_word' id='word_1_226' title='bbox 925 3196 1223 3261; x_wconf 88' lang='lat' dir='ltr'>deberent</span> <span class='ocrx_word' id='word_1_227' title='bbox 1239 3245 1256 3275; x_wconf 92' lang='lat'><strong><em>,</em></strong></span> <span class='ocrx_word' id='word_1_228' title='bbox 1304 3199 1399 3261; x_wconf 86' lang='lat' dir='ltr'>ita</span> <span class='ocrx_word' id='word_1_229' title='bbox 1444 3203 1519 3261; x_wconf 88' lang='lat' dir='ltr'>ut</span> <span class='ocrx_word' id='word_1_230' title='bbox 1567 3197 1744 3261; x_wconf 88' lang='lat' dir='ltr'>denis</span> <span class='ocrx_word' id='word_1_231' title='bbox 1794 3196 2053 3261; x_wconf 86' lang='lat' dir='ltr'>talentis</span> <span class='ocrx_word' id='word_1_232' title='bbox 2100 3197 2391 3281; x_wconf 88' lang='lat' dir='ltr'>singulae</span> <span class='ocrx_word' id='word_1_233' title='bbox 2437 3216 2631 3260; x_wconf 85' lang='lat' dir='ltr'>naves</span> 
     </span>
     <span class='ocr_line' id='line_1_26' title="bbox 245 3301 2629 3388; baseline -0.001 -22"><span class='ocrx_word' id='word_1_234' title='bbox 245 3304 765 3368; x_wconf 82' lang='lat' dir='ltr'>attribuerentur.</span> <span class='ocrx_word' id='word_1_235' title='bbox 825 3301 896 3366; x_wconf 83' lang='lat' dir='ltr'>Si</span> <span class='ocrx_word' id='word_1_236' title='bbox 955 3304 1096 3386; x_wconf 88' lang='lat' dir='ltr'>quis</span> <span class='ocrx_word' id='word_1_237' title='bbox 1158 3323 1312 3388; x_wconf 91' lang='lat' dir='ltr'>ergo</span> <span class='ocrx_word' id='word_1_238' title='bbox 1376 3302 1596 3367; x_wconf 90' lang='lat' dir='ltr'>decem</span> <span class='ocrx_word' id='word_1_239' title='bbox 1658 3301 1898 3366; x_wconf 87' lang='lat' dir='ltr'>talenta</span> <span class='ocrx_word' id='word_1_240' title='bbox 1943 3323 2168 3367; x_wconf 88' lang='lat' dir='ltr'>census</span> <span class='ocrx_word' id='word_1_241' title='bbox 2214 3309 2383 3380; x_wconf 86' lang='lat' dir='ltr'>erat,</span> <span class='ocrx_word' id='word_1_242' title='bbox 2432 3322 2629 3365; x_wconf 88' lang='lat' dir='ltr'>unam</span> 
     </span>
     <span class='ocr_line' id='line_1_27' title="bbox 247 3407 2631 3494; baseline -0.002 -20"><span class='ocrx_word' id='word_1_243' title='bbox 247 3429 474 3474; x_wconf 81' lang='lat' dir='ltr'>navem</span> <span class='ocrx_word' id='word_1_244' title='bbox 511 3407 953 3473; x_wconf 88' lang='lat' dir='ltr'>instruendam</span> <span class='ocrx_word' id='word_1_245' title='bbox 991 3408 1356 3493; x_wconf 85' lang='lat' dir='ltr'>accipiebat;</span> <span class='ocrx_word' id='word_1_246' title='bbox 1401 3410 1457 3471; x_wconf 90' lang='lat' dir='ltr'>si</span> <span class='ocrx_word' id='word_1_247' title='bbox 1496 3410 1640 3492; x_wconf 87' lang='lat' dir='ltr'>quis</span> <span class='ocrx_word' id='word_1_248' title='bbox 1663 3410 1923 3494; x_wconf 84' lang='lat' dir='ltr'>viginti,</span> <span class='ocrx_word' id='word_1_249' title='bbox 1951 3408 2108 3472; x_wconf 88' lang='lat' dir='ltr'>duas</span> <span class='ocrx_word' id='word_1_250' title='bbox 2134 3429 2362 3486; x_wconf 85' lang='lat' dir='ltr'>naves;</span> <span class='ocrx_word' id='word_1_251' title='bbox 2393 3410 2447 3471; x_wconf 91' lang='lat' dir='ltr'>si</span> <span class='ocrx_word' id='word_1_252' title='bbox 2486 3409 2631 3492; x_wconf 91' lang='lat' dir='ltr'>quis</span> 
     </span>
     <span class='ocr_line' id='line_1_28' title="bbox 245 3511 2629 3601; baseline -0 -24"><span class='ocrx_word' id='word_1_253' title='bbox 245 3517 513 3601; x_wconf 76' lang='lat' dir='ltr'>triginta</span> <span class='ocrx_word' id='word_1_254' title='bbox 557 3512 665 3579; x_wconf 81' lang='lat' dir='ltr'>vel</span> <span class='ocrx_word' id='word_1_255' title='bbox 710 3511 856 3598; x_wconf 91' lang='lat' dir='ltr'>plus</span> <span class='ocrx_word' id='word_1_256' title='bbox 878 3561 894 3590; x_wconf 89' lang='lat'>‚</span> <span class='ocrx_word' id='word_1_257' title='bbox 945 3519 1072 3578; x_wconf 89' lang='lat' dir='ltr'>tres</span> <span class='ocrx_word' id='word_1_258' title='bbox 1088 3535 1105 3592; x_wconf 89' lang='lat'>;</span> <span class='ocrx_word' id='word_1_259' title='bbox 1157 3516 1269 3598; x_wconf 91' lang='lat' dir='ltr'>qui</span> <span class='ocrx_word' id='word_1_260' title='bbox 1314 3514 1478 3577; x_wconf 88' lang='lat' dir='ltr'>infra</span> <span class='ocrx_word' id='word_1_261' title='bbox 1526 3513 1746 3578; x_wconf 90' lang='lat' dir='ltr'>decem</span> <span class='ocrx_word' id='word_1_262' title='bbox 1784 3513 2026 3579; x_wconf 87' lang='lat' dir='ltr'>talenta</span> <span class='ocrx_word' id='word_1_263' title='bbox 2067 3517 2238 3578; x_wconf 88' lang='lat' dir='ltr'>censi</span> <span class='ocrx_word' id='word_1_264' title='bbox 2276 3520 2454 3579; x_wconf 86' lang='lat' dir='ltr'>erant</span> <span class='ocrx_word' id='word_1_265' title='bbox 2479 3534 2629 3578; x_wconf 90' lang='lat' dir='ltr'>cum</span> 
     </span>
     <span class='ocr_line' id='line_1_29' title="bbox 245 3619 2630 3705; baseline -0 -21"><span class='ocrx_word' id='word_1_266' title='bbox 245 3619 384 3684; x_wconf 84' lang='lat' dir='ltr'>aliis</span> <span class='ocrx_word' id='word_1_267' title='bbox 443 3620 985 3698; x_wconf 79' lang='lat' dir='ltr'>consociabantm,</span> <span class='ocrx_word' id='word_1_268' title='bbox 1050 3620 1248 3685; x_wconf 92' lang='lat' dir='ltr'>donec</span> <span class='ocrx_word' id='word_1_269' title='bbox 1311 3623 1630 3685; x_wconf 88' lang='lat' dir='ltr'>coniuncti</span> <span class='ocrx_word' id='word_1_270' title='bbox 1692 3619 1888 3685; x_wconf 91' lang='lat' dir='ltr'>illum</span> <span class='ocrx_word' id='word_1_271' title='bbox 1947 3641 2210 3685; x_wconf 90' lang='lat' dir='ltr'>censum</span> <span class='ocrx_word' id='word_1_272' title='bbox 2256 3625 2630 3705; x_wconf 89' lang='lat' dir='ltr'>aequarent,</span> 
     </span>
     <span class='ocr_line' id='line_1_30' title="bbox 245 3725 2628 3810; baseline -0 -20"><span class='ocrx_word' id='word_1_273' title='bbox 245 3747 365 3810; x_wconf 91' lang='lat' dir='ltr'>quo</span> <span class='ocrx_word' id='word_1_274' title='bbox 428 3727 594 3791; x_wconf 81' lang='lat' dir='ltr'>facto</span> <span class='ocrx_word' id='word_1_275' title='bbox 656 3745 785 3789; x_wconf 91' lang='lat' dir='ltr'>una</span> <span class='ocrx_word' id='word_1_276' title='bbox 843 3728 923 3790; x_wconf 89' lang='lat' dir='ltr'>iis</span> <span class='ocrx_word' id='word_1_277' title='bbox 986 3728 1170 3791; x_wconf 81' lang='lat' dir='ltr'>navis</span> <span class='ocrx_word' id='word_1_278' title='bbox 1229 3725 1701 3791; x_wconf 89' lang='lat' dir='ltr'>attribuebatur</span> <span class='ocrx_word' id='word_1_279' title='bbox 1765 3732 1830 3790; x_wconf 93' lang='lat' dir='ltr'>et</span> <span class='ocrx_word' id='word_1_280' title='bbox 1878 3733 2176 3810; x_wconf 89' lang='lat' dir='ltr'>sumptus</span> <span class='ocrx_word' id='word_1_281' title='bbox 2223 3725 2467 3810; x_wconf 90' lang='lat' dir='ltr'>singuli</span> <span class='ocrx_word' id='word_1_282' title='bbox 2513 3746 2628 3810; x_wconf 92' lang='lat' dir='ltr'>pro</span> 
     </span>
    </p>
   </div>
   <div class='ocr_carea' id='block_1_3' title="bbox 260 3923 614 3932">
    <p class='ocr_par' dir='ltr' id='par_1_4' title="bbox 260 3923 614 3932">
     <span class='ocr_line' id='line_1_31' title="bbox 260 3923 614 3932; baseline 0 1485"><span class='ocrx_word' id='word_1_283' title='bbox 260 3923 614 3932; x_wconf 95' lang='lat' dir='ltr'> </span> 
     </span>
    </p>
   </div>
   <div class='ocr_carea' id='block_1_4' title="bbox 245 4045 2629 4761">
    <p class='ocr_par' dir='ltr' id='par_1_5' title="bbox 246 4045 2629 4188">
     <span class='ocr_line' id='line_1_32' title="bbox 313 4045 2629 4111; baseline -0.001 -18"><span class='ocrx_word' id='word_1_284' title='bbox 313 4047 357 4106; x_wconf 93' lang='lat' dir='ltr'>l)</span> <span class='ocrx_word' id='word_1_285' title='bbox 392 4046 594 4095; x_wconf 85' lang='lat' dir='ltr'>XXXII.</span> <span class='ocrx_word' id='word_1_286' title='bbox 647 4046 714 4093; x_wconf 80' lang='lat'>24</span> <span class='ocrx_word' id='word_1_287' title='bbox 759 4062 831 4110; x_wconf 84' lang='lat' dir='ltr'>sq.</span> <span class='ocrx_word' id='word_1_288' title='bbox 875 4048 956 4108; x_wconf 75' lang='lat' dir='ltr'>(ad</span> <span class='ocrx_word' id='word_1_289' title='bbox 1004 4062 1184 4095; x_wconf 76' lang='lat' dir='ltr'>annum</span> <span class='ocrx_word' id='word_1_290' title='bbox 1233 4048 1375 4109; x_wconf 46' lang='grc' dir='ltr'>ἦῆ),</span> <span class='ocrx_word' id='word_1_291' title='bbox 1415 4046 1716 4111; x_wconf 77' lang='lat' dir='ltr'>Apollodoro</span> <span class='ocrx_word' id='word_1_292' title='bbox 1763 4047 1912 4095; x_wconf 80' lang='lat' dir='ltr'>etiam</span> <span class='ocrx_word' id='word_1_293' title='bbox 1948 4046 2187 4109; x_wconf 85' lang='lat' dir='ltr'>collegam</span> <span class='ocrx_word' id='word_1_294' title='bbox 2222 4045 2370 4093; x_wconf 80' lang='lat' dir='ltr'>fuisse</span> <span class='ocrx_word' id='word_1_295' title='bbox 2403 4051 2541 4109; x_wconf 72' lang='lat' dir='ltr'>patet</span> <span class='ocrx_word' id='word_1_296' title='bbox 2574 4061 2629 4095; x_wconf 75' lang='lat' dir='ltr'>ex</span> 
     </span>
     <span class='ocr_line' id='line_1_33' title="bbox 246 4127 1040 4188; baseline 0.001 -13"><span class='ocrx_word' id='word_1_297' title='bbox 246 4127 384 4176; x_wconf 75' lang='lat' dir='ltr'>huius</span> <span class='ocrx_word' id='word_1_298' title='bbox 419 4127 655 4177; x_wconf 76' lang='lat' dir='ltr'>orationis</span> <span class='ocrx_word' id='word_1_299' title='bbox 690 4132 739 4188; x_wconf 57' lang='grc' dir='ltr'>ἧς</span> <span class='ocrx_word' id='word_1_300' title='bbox 773 4128 837 4176; x_wconf 83' lang='lat'>40</span> <span class='ocrx_word' id='word_1_301' title='bbox 872 4135 921 4177; x_wconf 81' lang='lat' dir='ltr'>et</span> <span class='ocrx_word' id='word_1_302' title='bbox 962 4130 1040 4176; x_wconf 83' lang='lat'>58.</span> 
     </span>
    </p>

    <p class='ocr_par' dir='ltr' id='par_1_6' title="bbox 245 4207 2628 4435">
     <span class='ocr_line' id='line_1_34' title="bbox 309 4207 2628 4272; baseline -0 -16"><span class='ocrx_word' id='word_1_303' title='bbox 309 4209 357 4270; x_wconf 85' lang='grc'>2)</span> <span class='ocrx_word' id='word_1_304' title='bbox 389 4212 451 4258; x_wconf 78' lang='lat' dir='ltr'>cf.</span> <span class='ocrx_word' id='word_1_305' title='bbox 503 4209 682 4272; x_wconf 85' lang='lat' dir='ltr'>(Dem.)</span> <span class='ocrx_word' id='word_1_306' title='bbox 728 4208 812 4258; x_wconf 76' lang='lat' dir='ltr'>LI.</span> <span class='ocrx_word' id='word_1_307' title='bbox 855 4212 912 4258; x_wconf 88' lang='lat'>8:</span> <span class='ocrx_word' id='word_1_308' title='bbox 963 4212 1063 4256; x_wconf 76' lang='grc' dir='ltr'>τῶν</span> <span class='ocrx_word' id='word_1_309' title='bbox 1113 4207 1419 4271; x_wconf 72' lang='grc' dir='ltr'><strong><em>τριηράρχων</em></strong></span> <span class='ocrx_word' id='word_1_310' title='bbox 1472 4210 1592 4267; x_wconf 75' lang='grc' dir='ltr'><strong><em>τοὺς</em></strong></span> <span class='ocrx_word' id='word_1_311' title='bbox 1637 4208 2017 4270; x_wconf 74' lang='grc' dir='ltr'>μεμισθωκότας</span> <span class='ocrx_word' id='word_1_312' title='bbox 2064 4208 2160 4265; x_wconf 63' lang='grc' dir='ltr'>τὰς</span> <span class='ocrx_word' id='word_1_313' title='bbox 2207 4211 2524 4271; x_wconf 62' lang='grc' dir='ltr'><strong><em>τριηραρχῐπς</em></strong></span> <span class='ocrx_word' id='word_1_314' title='bbox 2564 4235 2628 4243; x_wconf 41' lang='lat' dir='ltr'>a</span> 
     </span>
     <span class='ocr_line' id='line_1_35' title="bbox 245 4287 2628 4352; baseline -0.001 -16"><span class='ocrx_word' id='word_1_315' title='bbox 245 4289 558 4349; x_wconf 71' lang='grc' dir='ltr'><strong><em>παρεδῶκατε</em></strong></span> <span class='ocrx_word' id='word_1_316' title='bbox 614 4289 683 4348; x_wconf 71' lang='grc' dir='ltr'>εἷς</span> <span class='ocrx_word' id='word_1_317' title='bbox 738 4291 799 4338; x_wconf 80' lang='grc' dir='ltr'>τὸ</span> <span class='ocrx_word' id='word_1_318' title='bbox 845 4288 1158 4351; x_wconf 66' lang='grc' dir='ltr'><strong><em>δικαστήριον</em></strong></span> <span class='ocrx_word' id='word_1_319' title='bbox 1204 4289 1789 4352; x_wconf 74' lang='grc' dir='ltr'>καταχειροτονήσαντες</span> <span class='ocrx_word' id='word_1_320' title='bbox 1836 4287 2186 4351; x_wconf 69' lang='grc' dir='ltr'>προδεδωκέναι</span> <span class='ocrx_word' id='word_1_321' title='bbox 2233 4290 2331 4347; x_wconf 70' lang='grc' dir='ltr'>τὰς</span> <span class='ocrx_word' id='word_1_322' title='bbox 2379 4295 2492 4347; x_wconf 70' lang='grc' dir='ltr'>ναῦς</span> <span class='ocrx_word' id='word_1_323' title='bbox 2544 4291 2628 4335; x_wconf 63' lang='grc' dir='ltr'><strong><em>κειὲ·</em></strong></span> 
     </span>
     <span class='ocr_line' id='line_1_36' title="bbox 246 4370 843 4435; baseline 0 -17"><span class='ocrx_word' id='word_1_324' title='bbox 246 4370 522 4420; x_wconf 68' lang='grc' dir='ltr'><strong><em>λελοιπέναι</em></strong></span> <span class='ocrx_word' id='word_1_325' title='bbox 558 4372 649 4428; x_wconf 74' lang='grc' dir='ltr'>τὴν</span> <span class='ocrx_word' id='word_1_326' title='bbox 684 4371 843 4435; x_wconf 76' lang='grc' dir='ltr'>τάξιν.</span> 
     </span>
    </p>

    <p class='ocr_par' dir='ltr' id='par_1_7' title="bbox 247 4449 2628 4599">
     <span class='ocr_line' id='line_1_37' title="bbox 309 4449 2628 4514; baseline -0 -15"><span class='ocrx_word' id='word_1_327' title='bbox 309 4453 355 4512; x_wconf 81' lang='grc'>8)</span> <span class='ocrx_word' id='word_1_328' title='bbox 387 4456 450 4503; x_wconf 76' lang='lat' dir='ltr'>cf.</span> <span class='ocrx_word' id='word_1_329' title='bbox 497 4454 635 4502; x_wconf 82' lang='lat' dir='ltr'>Dem.</span> <span class='ocrx_word' id='word_1_330' title='bbox 682 4453 866 4501; x_wconf 83' lang='lat' dir='ltr'>XVIII.</span> <span class='ocrx_word' id='word_1_331' title='bbox 915 4453 1036 4501; x_wconf 72' lang='lat'>104:</span> <span class='ocrx_word' id='word_1_332' title='bbox 1086 4450 1141 4510; x_wconf 67' lang='grc' dir='ltr'>ἦν</span> <span class='ocrx_word' id='word_1_333' title='bbox 1185 4453 1284 4514; x_wconf 63' lang='grc' dir='ltr'>γὰρ</span> <span class='ocrx_word' id='word_1_334' title='bbox 1332 4451 1506 4511; x_wconf 74' lang='grc' dir='ltr'><strong><em>αὐτοῖς</em></strong></span> <span class='ocrx_word' id='word_1_335' title='bbox 1553 4451 1608 4503; x_wconf 70' lang='grc' dir='ltr'>ἔκ</span> <span class='ocrx_word' id='word_1_336' title='bbox 1654 4459 1752 4502; x_wconf 76' lang='grc' dir='ltr'>τῶν</span> <span class='ocrx_word' id='word_1_337' title='bbox 1798 4449 2041 4512; x_wconf 65' lang='grc' dir='ltr'><strong><em>προτέρων</em></strong></span> <span class='ocrx_word' id='word_1_338' title='bbox 2087 4453 2241 4511; x_wconf 80' lang='grc' dir='ltr'><strong><em>νόμων</em></strong></span> <span class='ocrx_word' id='word_1_339' title='bbox 2277 4451 2628 4503; x_wconf 59' lang='grc' dir='ltr'>συνοκκπίὲεκπ</span> 
     </span>
     <span class='ocr_line' id='line_1_38' title="bbox 247 4534 1280 4599; baseline 0.001 -20"><span class='ocrx_word' id='word_1_340' title='bbox 247 4537 541 4597; x_wconf 64' lang='grc' dir='ltr'>λῃτουργεῖν.</span> <span class='ocrx_word' id='word_1_341' title='bbox 580 4535 816 4599; x_wconf 72' lang='lat' dir='ltr'>Harpocr.</span> <span class='ocrx_word' id='word_1_342' title='bbox 853 4551 889 4582; x_wconf 81' lang='lat' dir='ltr'>s.</span> <span class='ocrx_word' id='word_1_343' title='bbox 928 4550 975 4582; x_wconf 86' lang='lat' dir='ltr'>v.</span> <span class='ocrx_word' id='word_1_344' title='bbox 1011 4534 1280 4594; x_wconf 78' lang='grc' dir='ltr'><strong><em>συμμορία.</em></strong></span> 
     </span>
    </p>

    <p class='ocr_par' dir='ltr' id='par_1_8' title="bbox 307 4615 1758 4676">
     <span class='ocr_line' id='line_1_39' title="bbox 307 4615 1758 4676; baseline 0.002 -14"><span class='ocrx_word' id='word_1_345' title='bbox 307 4618 354 4676; x_wconf 77' lang='grc'>4)</span> <span class='ocrx_word' id='word_1_346' title='bbox 385 4618 447 4666; x_wconf 76' lang='lat' dir='ltr'>cf.</span> <span class='ocrx_word' id='word_1_347' title='bbox 485 4616 624 4666; x_wconf 84' lang='lat' dir='ltr'>Dem.</span> <span class='ocrx_word' id='word_1_348' title='bbox 662 4615 844 4664; x_wconf 86' lang='lat' dir='ltr'>XVIII.</span> <span class='ocrx_word' id='word_1_349' title='bbox 883 4616 1006 4672; x_wconf 83' lang='lat'>108,</span> <span class='ocrx_word' id='word_1_350' title='bbox 1039 4616 1218 4676; x_wconf 86' lang='lat' dir='ltr'>(Dem.)</span> <span class='ocrx_word' id='word_1_351' title='bbox 1253 4615 1452 4666; x_wconf 88' lang='lat' dir='ltr'>XLVII.</span> <span class='ocrx_word' id='word_1_352' title='bbox 1490 4618 1554 4666; x_wconf 88' lang='grc'>22</span> <span class='ocrx_word' id='word_1_353' title='bbox 1591 4624 1639 4667; x_wconf 85' lang='lat' dir='ltr'>et</span> <span class='ocrx_word' id='word_1_354' title='bbox 1678 4618 1758 4667; x_wconf 79' lang='lat'>24.</span> 
     </span>
    </p>

    <p class='ocr_par' dir='ltr' id='par_1_9' title="bbox 309 4692 2348 4761">
     <span class='ocr_line' id='line_1_40' title="bbox 309 4692 2348 4761; baseline 0 -16"><span class='ocrx_word' id='word_1_355' title='bbox 309 4700 353 4756; x_wconf 66' lang='grc' dir='ltr'>Β)</span> <span class='ocrx_word' id='word_1_356' title='bbox 386 4700 446 4746; x_wconf 83' lang='lat' dir='ltr'>cs.</span> <span class='ocrx_word' id='word_1_357' title='bbox 484 4698 622 4747; x_wconf 82' lang='lat' dir='ltr'>Dom.</span> <span class='ocrx_word' id='word_1_358' title='bbox 661 4696 847 4746; x_wconf 83' lang='lat' dir='ltr'>xv111.</span> <span class='ocrx_word' id='word_1_359' title='bbox 888 4696 980 4743; x_wconf 82' lang='lat'>102</span> <span class='ocrx_word' id='word_1_360' title='bbox 1015 4713 1135 4761; x_wconf 66' lang='lat' dir='ltr'>sqq„</span> <span class='ocrx_word' id='word_1_361' title='bbox 1173 4696 1304 4745; x_wconf 79' lang='lat' dir='ltr'>XXI.</span> <span class='ocrx_word' id='word_1_362' title='bbox 1343 4698 1456 4747; x_wconf 80' lang='lat'>155.</span> <span class='ocrx_word' id='word_1_363' title='bbox 1965 4693 2013 4753; x_wconf 77' lang='grc'>6)</span> <span class='ocrx_word' id='word_1_364' title='bbox 2044 4692 2182 4742; x_wconf 86' lang='lat' dir='ltr'>Dom.</span> <span class='ocrx_word' id='word_1_365' title='bbox 2220 4694 2348 4745; x_wconf 85' lang='lat' dir='ltr'>XIV.</span> 
     </span>
    </p>
   </div>
  </div>
 </body>
</html>
