3350 5417
1306 644 1751 694 mrnonuo'no.
2491 622 2500 634 ‘
2648 650 2721 696 rx

315 822 782 882 mcusaturum
832 815 1174 900 quominus
1219 832 1453 877 navem
1499 814 1771 897 accipiat
1787 861 1803 890 ,
1852 834 1966 897 pro
2012 817 2181 877 certo
2228 819 2448 877 autem
2493 813 2722 880 habere

313 945 382 987 se
444 922 604 986 dicit
625 969 643 1000 ,
712 919 957 985 iudices
1014 920 1136 983 sibi
1178 919 1378 982 iratos
1423 918 1553 982 fore
1573 966 1588 995 ,
1641 920 1696 981 si
1743 918 1965 982 eadem
2008 919 2240 983 faceret
2287 940 2358 984 ac
2404 918 2719 1006 Polycles,

317 1031 638 1093 Attamen
704 1025 900 1092 finem
958 1024 1243 1089 nondum
1304 1024 1459 1088 facit
1505 1023 1757 1089 dicendi
1806 1024 1915 1089 sed
1962 1024 2203 1109 aliquid
2247 1027 2400 1090 novi
2445 1026 2718 1110 profert,

317 1132 661 1220 Polyclem
735 1135 909 1197 enim
970 1133 1101 1196 iam
1165 1135 1351 1195 antea
1411 1130 1744 1215 Euripidis
1806 1130 2089 1216 collegae
2150 1152 2380 1197 navem
2440 1134 2720 1217 accipere

317 1241 608 1306 noluisse
660 1238 942 1304 ostendit
989 1242 1051 1302 et
1099 1236 1323 1321 probat

1217 1341 1608 1407 Testimonio
1656 1344 1692 1426 ξ
1721 1341 1825 1407 68.

417 1450 798 1516 Orationem
860 1449 1165 1515 adversus
1216 1447 1549 1534 Polyclem
1572 1497 1587 1527 ‚
1637 1470 2031 1534 quamquam
2078 1471 2115 1515 a
2162 1448 2554 1516 Callimacho
2601 1450 2721 1515 De-

317 1557 716 1623 nosthenicis
783 1561 880 1620 est
937 1558 1208 1631 inserta,
1272 1576 1459 1620 nemo
1522 1556 1652 1619 fere
1714 1561 1810 1620 est
1854 1558 2146 1620 virorum
2191 1556 2522 1621 doctorum
2541 1605 2557 1635 ,
2608 1560 2720 1641 qui

317 1665 642 1728 orationes
687 1660 1141 1726 Demosthenis
1190 1665 1680 1745 pertractarunt,
1732 1663 1887 1744 quin
1927 1661 2004 1725 ab
2040 1659 2155 1726 illo
2194 1664 2477 1747 principe
2518 1668 2720 1726 orato-

318 1789 470 1832 rum
519 1766 866 1844 abiudicet,
914 1772 980 1831 et
1025 1771 1342 1851 quantum
1388 1767 1659 1851 scriptor
1705 1766 1897 1831 distet
1937 1768 2016 1832 ab
2056 1772 2189 1831 arte
2229 1766 2719 1838 Demosthenica

317 1876 492 1958 ipsa,
548 1875 683 1937 iam
720 1872 1050 1957 dispositio
1089 1872 1385 1937 ostendit.
1429 1872 1764 1951 Narrati0‚
1808 1894 1968 1957 quae
2001 1894 2259 1958 semper
2283 1873 2452 1958 apud
2489 1872 2719 1939 Demo-

315 1979 616 2043 sthenem
663 1984 763 2043 est
801 1978 1014 2043 brevis
1052 1984 1116 2043 et
1153 1976 1503 2055 luculenta,
1551 1981 1620 2043 in
1656 1978 1775 2044 hac
1813 1981 2093 2044 oratione
2133 1977 2326 2065 longe
2362 1981 2715 2043 maximam

315 2093 570 2170 partem
589 2132 605 2160 ,
676 2081 761 2147 59
827 2085 1257 2170 paragraphus
1274 2132 1292 2160 ,
1357 2091 1655 2169 occupat,
1719 2106 1832 2149 nec
1895 2086 1971 2149 ab
2020 2088 2572 2171 argumentatione
2620 2091 2716 2149 est

311 2189 656 2266 distincta,
719 2191 791 2253 in
853 2189 1020 2273 quod
1082 2192 1324 2255 vitium
1384 2189 1593 2255 clarus
1652 2189 1765 2255 ille
1828 2197 2042 2256 orator
2086 2211 2419 2274 nunquam
2462 2190 2711 2254 incidit.

317 2295 517 2360 Porro
568 2297 774 2360 oratio
821 2301 914 2360 est
952 2296 1220 2361 verbosa
1238 2344 1254 2373 ,
1303 2317 1427 2360 non
1474 2296 1769 2381 expedita
1816 2318 1930 2361 nec
1978 2296 2161 2361 facile
2195 2298 2396 2362 currit
2412 2345 2429 2373 ,
2472 2298 2712 2360 iterum

321 2409 515 2487 atque
558 2404 808 2466 iterum
854 2402 1072 2467 eadem
1117 2403 1351 2486 repetit
1397 2406 1626 2480 orator,
1673 2405 1768 2467 ita
1812 2409 1888 2467 ut
1934 2402 2256 2468 auditores
2295 2405 2512 2487 potius
2551 2402 2713 2466 desa.-

325 2510 493 2593 tiget
558 2527 760 2591 quam
820 2512 1097 2572 attentos
1143 2507 1364 2571 reddat
1382 2555 1398 2585 ,
1449 2510 1747 2592 quamvis
1796 2511 2044 2582 omnia,
2094 2529 2255 2594 quae
2300 2507 2578 2594 Polycli,
2600 2510 2717 2572 cri-

324 2615 491 2677 mini
531 2612 643 2676 dat
660 2660 678 2688 ,
727 2614 1000 2697 speciem
1035 2614 1329 2677 veritatis
1367 2632 1516 2698 prae
1556 2633 1621 2677 se
1668 2613 1895 2678 ferant.
1936 2613 2197 2699 Figuris
2236 2614 2568 2678 rhetoricis
2587 2662 2603 2691 ,
2644 2616 2714 2678 in

324 2719 560 2803 quibus
611 2717 983 2784 adhibendis
1032 2717 1286 2784 excellit
1332 2718 1827 2797 Demosthenes,
1866 2741 1995 2785 non
2033 2718 2248 2785 solum
2286 2720 2414 2784 fere
2454 2723 2713 2784 omnino

323 2831 493 2891 caret
555 2827 796 2903 oratio,
860 2825 967 2891 sed
1020 2846 1204 2911 saepe
1252 2827 1538 2910 scriptor,
1587 2826 1879 2911 periodos
1925 2828 2227 2891 concinne
2281 2825 2715 2891 conformandi

322 2932 670 3015 imperitus
688 2977 705 3007 ,
769 2932 1095 2997 enuntiata
1152 2932 1395 3018 profert
1455 2932 1729 2995 immani
1788 2934 2129 3016 conspicua
2190 2932 2577 2997 verbositate
2640 2952 2712 2995 ac

322 3036 510 3121 plane
568 3035 912 3114 deformia,
977 3039 1209 3120 quibus
1264 3057 1364 3102 res
1411 3039 1622 3123 magis
1667 3037 2087 3102 obscurantur
2148 3057 2344 3121 quam
2388 3035 2713 3100 illustran-

323 3150 448 3218 tur,
499 3141 579 3206 de
627 3140 858 3225 quibus
906 3144 1203 3208 omnibus
1252 3145 1320 3207 in
1371 3143 1887 3208 annotationibus
1934 3145 2066 3206 suis
2112 3142 2268 3207 locis
2315 3162 2604 3228 agemus.

412 3248 597 3312 Licet
658 3267 811 3332 ergo
871 3253 1114 3312 constet
1174 3248 1336 3313 hanc
1399 3251 1749 3313 orationem
1808 3270 1937 3313 non
1983 3269 2115 3313 esse
2161 3250 2466 3333 scriptam
2511 3268 2548 3311 a
2593 3246 2713 3312 De-

322 3354 662 3419 mosthene
682 3401 698 3429 ,
759 3355 1023 3437 cognitu
1081 3359 1300 3419 tamen
1361 3361 1456 3418 est
1519 3354 1825 3440 perdigna
1886 3354 1963 3418 ob
2021 3375 2238 3418 rerum
2282 3357 2673 3440 gravitatem
2692 3401 2707 3430 ,

323 3464 562 3547 quippe
609 3479 770 3543 quae
809 3459 946 3522 fons
985 3459 1164 3523 nobis
1204 3462 1288 3523 sit
1327 3461 1707 3545 praecipuus
1746 3460 1915 3524 unde
1953 3481 2412 3547 cognoscamus
2451 3480 2707 3536 munus,

323 3570 425 3632 cui
468 3585 706 3631 nomen
744 3570 840 3627 est
880 3565 1266 3646 τριηραρχία,
1293 3586 1453 3650 quae
1493 3568 1710 3630 omnia
1747 3565 2026 3645 Boeckh,
2051 3568 2118 3630 in
2150 3566 2468 3651 praeclaro
2499 3585 2708 3649 opere,

321 3672 491 3758 quod
556 3670 930 3735 inscribitur
998 3671 1389 3747 „Urkunden
1450 3671 1610 3735 iiber
1670 3671 1781 3736 das
1845 3670 2170 3737 Seewesen
2218 3672 2325 3737 des
2372 3672 2710 3738 Attischen

324 3775 643 3852 Staates'',
685 3772 1038 3840 illustravit
1085 3783 1149 3841 et
1197 3776 1561 3862 explicavit.

414 3881 587 3949 Cum
656 3888 874 3945 tamen
942 3881 1401 3948 Demosthenes
1466 3905 1591 3948 non
1662 3904 1797 3949 θεεθ
1865 3883 2190 3949 videretur
2257 3886 2396 3948 eius
2465 3889 2707 3962 auctor,

324 3984 851 4072 investigandum
926 3994 1061 4052 erat
1137 4009 1212 4053 an
1279 4011 1356 4053 ex
1417 3989 1727 4054 scribendi
1786 4010 2019 4076 genere
2078 3988 2392 4053 indicium
2453 3988 2711 4074 aliquod

323 4093 469 4159 elici
534 4093 735 4177 possit
783 4113 820 4157 a
865 4113 990 4176 quo
1034 4099 1290 4159 auctore
1335 4097 1571 4180 scripta
1616 4097 1702 4158 sit
1749 4097 1951 4162 oratio
1973 4145 1988 4174 ,
2029 4093 2198 4179 quod
2233 4112 2437 4180 genus
2473 4093 2713 4158 indicat

323 4219 466 4263 eam
528 4198 607 4262 ab
671 4197 897 4262 eodem
958 4220 1091 4265 esse
1153 4204 1577 4286 compositam
1637 4204 1750 4285 qui
1808 4203 2063 4287 scripsit
2109 4202 2421 4263 orationes
2467 4197 2708 4276 XLVI,

327 4302 599 4380 XLVII,
650 4302 901 4380 XLIX,
950 4302 1100 4382 LII,
1149 4305 1296 4369 LIII
1345 4311 1410 4370 et
1454 4305 1639 4383 LIX,
1689 4313 1765 4370 ut
1814 4307 1888 4368 A.
1938 4304 2235 4372 Schaefer
2265 4302 2312 4382 ¹)
2360 4307 2424 4366 et
2468 4303 2632 4388 Sigg
2659 4302 2711 4381 ⁹)

325 4409 873 4484 demonstrarunt,
925 4410 1156 4493 quibus
1203 4409 1382 4475 Blass
1409 4417 1459 4491 ³)
1507 4433 1621 4496 pro
1671 4412 1957 4475 maxima
2004 4417 2182 4492 parte
2226 4410 2594 4483 assentitur,
2644 4411 2709 4472 in

327 4575 445 4581 ---—
514 4574 653 4581 ———.

394 4666 440 4725 l)
476 4666 599 4714 Add.
636 4681 716 4730 pg.
757 4667 1031 4717 184—199.
1635 4667 1683 4726 2)
1718 4666 1806 4717 1.1.
1844 4681 1922 4730 pg.
1960 4664 2241 4715 397—434.

391 4748 440 4806 3)
474 4749 579 4797 Att.
615 4747 793 4797 Bereds
829 4747 924 4798 111.
960 4748 983 4796 1
1026 4765 1103 4813 pg.
1140 4751 1421 4799 455-489.
