3350 5417
1771 578 1814 644 8

598 753 779 823 όντων
842 760 910 824 ἐκ
971 764 1078 825 τοῦ
1149 762 1412 841 Πόντου,
1464 761 1568 827 καὶ
1619 761 1963 843 Βυζαντίων
2009 762 2115 827 καὶ
2164 761 2599 843 Καλχηδονίων
2649 765 2754 830 καὶ
2808 764 3000 846 Κυζι-

603 870 790 940 κηνῶν
856 865 1262 945 καταγόντων
1324 869 1411 933 τὰ
1475 876 1666 934 πλοῖα
1730 865 1911 934 ἕνεκα
1973 876 2083 945 τῆς
2148 869 2306 942 ἰδίας
2354 870 2574 949 χρείας
2621 875 2731 936 τοῦ
2781 872 2991 950 σίτου,
3022 887 3180 937 1208

605 969 709 1033 καὶ
777 971 1024 1050 δρῶντες
1087 973 1150 1037 ἐν
1210 975 1294 1054 τῷ
1353 981 1632 1053 Πειραιεῖ
1672 973 1776 1038 τὸν
1826 982 1995 1040 σῖτον
2046 977 2490 1055 ἐπιτιμώμενον
2538 978 2644 1043 καὶ
2696 980 2802 1043 οὐκ
2847 975 3006 1044 ὄντα

604 1071 865 1155 ἄφθονον
928 1080 1239 1163 ὠνεῖσθαι,
1306 1080 1702 1161 ἐψηφίσασθε
1765 1079 1885 1153 τοὶς
1948 1105 2018 1146 τε
2084 1085 2231 1153 ναῦς
2280 1081 2597 1148 καθέλκειν
2645 1083 2787 1156 τοὺς
2833 1107 3000 1164 τριη-

603 1180 866 1262 ράρχους
929 1185 1035 1247 καὶ
1102 1183 1544 1265 παρακομίζειν
1592 1184 1694 1250 ἐπὶ
1745 1187 1814 1252 τὸ
1860 1192 2094 1271 χῶμα,
2142 1185 2246 1252 καὶ
2296 1188 2437 1258 τοὺς
2484 1188 2836 1268 βουλευτὰς
2884 1190 2994 1255 καὶ

674 1348 1027 1413 Καλχηδονίων
1060 1368 1181 1402 corr.
1217 1369 1262 1402 a.
1291 1368 1359 1402 m.
1387 1369 1463 1417 pr.
1490 1353 1540 1402 S.
1570 1352 1696 1402 Cum
1714 1352 1754 1401 F
1771 1353 1843 1419 Q:
1862 1351 2188 1410 καλκηδονίων
2206 1370 2280 1420 pr.
2297 1355 2344 1415 S,
2364 1354 2587 1418 χαλκηδ.
2604 1356 2666 1406 Α.
2685 1356 2909 1407 Dindorf.
2925 1384 2998 1396 —

678 1493 1047 1559 Βυζαντίων
1096 1524 1161 1535 --
1196 1499 1627 1560 καταγόντων
1680 1499 1764 1547 τὰ

609 1577 834 1642 πλοῖα]
900 1576 1219 1642 κατάγειν
1281 1579 1363 1628 τὰ
1413 1581 1617 1629 πλοῖα
1665 1596 1765 1630 non

610 1658 770 1708 solum
824 1665 898 1709 est
939 1661 1177 1725 appellere
1218 1676 1406 1720 navem,
1455 1662 1540 1711 sed
1586 1662 1764 1712 etiam:

611 1747 777 1805 captas
816 1757 960 1792 naves
995 1743 1047 1792 in
1076 1748 1265 1808 portum
1297 1744 1580 1804 subducere,
1615 1748 1663 1807 §5
1701 1745 1765 1794 32

611 1840 671 1872 en
707 1821 769 1875 37
799 1821 1115 1886 κατάγεσθαι
1144 1830 1313 1875 contra
1341 1825 1584 1890 sig-nificat
1609 1827 1767 1876 dever-

610 1910 726 1956 tere.
761 1934 827 1943 —
863 1905 1123 1971 Byzantini
1159 1914 1208 1958 et
1242 1908 1560 1958 Chalcedonii
1595 1915 1644 1959 et
1678 1909 1768 1975 Cy-

608 1988 700 2037 zici
734 2004 882 2037 naves
915 1990 1160 2040 onerarias
1199 2007 1256 2039 ex
1287 1990 1443 2041 Ponto
1473 1991 1525 2041 in
1553 1991 1766 2057 patriam

609 2071 895 2136 navigantes
945 2073 1211 2122 subducere
1262 2073 1513 2135 solebant,
1559 2079 1615 2124 ut
1659 2090 1767 2123 vec·

611 2152 735 2217 tigal
802 2153 1119 2219 imponerent.
1187 2155 1380 2205 Multae
1441 2172 1590 2206 naves
1653 2157 1766 2206 inde

609 2236 908 2285 frumentum
975 2238 1194 2288 Athenas
1263 2238 1506 2288 vehebant
1519 2277 1532 2299 ,
1597 2238 1767 2288 Attica

612 2317 742 2366 enim
791 2318 911 2367 satis
956 2320 1189 2370 frumenti
1236 2337 1334 2370 non
1381 2321 1567 2370 ferebat
1600 2337 1768 2370 consu·

612 2400 857 2449 mentibus
898 2407 947 2451 et
980 2403 1177 2453 tertiam
1212 2404 1310 2452 fere
1342 2408 1532 2468 partem
1568 2403 1767 2451 aliunde

614 2481 868 2546 importari
902 2485 1173 2548 oportebat,
1207 2485 1464 2550 praecipue
1500 2501 1557 2534 ex
1592 2484 1768 2544 Ponto,

613 2565 676 2613 cf.
722 2565 861 2615 Dem.
909 2565 1094 2615 XVIII.
1143 2566 1222 2627 87,
1267 2567 1372 2616 XX.
1409 2568 1486 2616 31.
1523 2566 1769 2631 Populus,

614 2652 669 2695 ut
712 2664 773 2696 ne
819 2663 1039 2697 annonae
1085 2649 1262 2698 caritas
1310 2655 1398 2699 aut
1433 2651 1585 2698 fames
1621 2648 1772 2698 exori-

614 2734 771 2789 retur,
814 2729 983 2779 multis
1015 2730 1206 2795 legibus
1241 2737 1437 2781 caverat
1467 2747 1529 2780 ne
1563 2731 1773 2779 frumen-

614 2817 721 2860 tum
785 2817 1118 2875 exportaretur
1168 2814 1246 2875 (cf.
1299 2814 1462 2863 Schol.
1515 2814 1578 2862 ad
1627 2813 1770 2861 Dem.

614 2892 790 2942 XXIV.
871 2895 1013 2957 136),
1092 2912 1211 2945 neve
1281 2897 1387 2961 quis
1451 2895 1770 2945 dardanarius

616 2981 836 3041 coempto
882 2977 1041 3025 multo
1085 2979 1326 3028 frumento
1372 2978 1585 3044 pretium
1624 2977 1771 3027 nimis

617 3064 840 3123 augeret;
872 3059 1021 3108 etiam
1044 3067 1335 3111 mercatores
1351 3061 1593 3127 peregrini
1610 3060 1773 3110 Piraei

615 3146 814 3206 portum
859 3142 1096 3192 intrantes
1141 3143 1212 3192 ibi
1252 3145 1373 3194 duas
1413 3150 1576 3210 partes
1611 3143 1775 3193 vendi·

616 3229 722 3273 tare
757 3225 1062 3275 tenebantur.
1099 3225 1319 3290 Quarum
1351 3227 1515 3291 legum
1549 3226 1773 3275 custodes

518 3307 519 3310 ’
617 3305 934 3371 sitaphylaees
986 3314 1035 3357 et
1086 3314 1328 3359 curatores
1379 3309 1574 3374 emporii
1618 3313 1771 3357 erant.

619 3388 681 3437 cf.
716 3388 809 3436 hac
843 3388 902 3437 de
937 3405 987 3438 re
1022 3389 1134 3455 Lys.
1168 3390 1303 3440 κατὰ
1336 3386 1435 3439 τῶν
1465 3395 1773 3447 σιτοπωλῶν,

622 3469 776 3535 Harp.
812 3487 850 3521 s.
885 3487 932 3521 v.
969 3467 1280 3533 ἐπιμελητὴς
1312 3468 1577 3534 ἐμπορίου,
1604 3471 1776 3521 Schoe-

623 3569 787 3612 mann,
823 3554 905 3603 Gr.
941 3553 1152 3604 Alterth.
1188 3554 1214 3602 I
1246 3569 1359 3619 pag.
1394 3554 1492 3602 419
1527 3559 1577 3602 et
1615 3552 1728 3605 527.

688 3635 949 3700 Byzantini
987 3643 1037 3686 et
1071 3636 1266 3685 urbium
1301 3636 1364 3685 ad
1397 3636 1774 3700 Hellespontum

622 3717 813 3767 incolae
863 3735 974 3768 cum
1024 3719 1191 3784 inopia
1240 3718 1546 3777 laborarent,
1591 3718 1774 3767 multas

623 3817 796 3861 naves,
831 3802 1049 3851 Athenas
1093 3801 1379 3866 navigantes
1415 3800 1774 3861 subducebant,

624 3888 674 3932 et
723 3891 1015 3934 mercatores
1066 3885 1364 3933 frumentum
1406 3883 1525 3948 ipsis
1570 3884 1775 3933 vendere

623 3968 875 4029 cogebant,
911 3972 1205 4032 quapropter
1242 3966 1560 4016 Athenienses
1595 3982 1778 4031 posses-

623 4047 810 4097 sionem
870 4050 1046 4098 harum
1110 4049 1305 4098 urbium
1354 4055 1439 4098 aut
1490 4048 1774 4098 societatem

624 4132 791 4195 magni
837 4133 1163 4182 aestimabant
1208 4138 1257 4182 et
1303 4148 1453 4197 usque
1488 4131 1551 4180 ad
1586 4130 1773 4180 bellum

624 4204 804 4263 sociale
862 4215 977 4264 anni
1022 4214 1118 4267 357
1165 4231 1316 4280 paene
1361 4230 1548 4280 semper
1591 4213 1776 4279 Byzan-

625 4297 752 4346 tium
785 4302 834 4346 et
869 4297 1149 4348 Chalcedon
1181 4313 1347 4348 eorum
1381 4296 1501 4347 socii
1535 4302 1689 4346 erant.

695 4379 966 4441 ὁρῶντες
1022 4408 1089 4418 -—
1142 4381 1249 4429 τὸν
1328 4380 1514 4428 σῖτον
1582 4375 1775 4428 ἐπιτι-

628 4479 667 4523 μ
681 4460 717 4510 ὠ
732 4479 771 4523 μ
785 4477 809 4510 ε
822 4479 845 4511 ν
859 4479 882 4511 ο
897 4460 942 4531 ν]
973 4462 1401 4512 animadvertentes
1425 4460 1638 4525 pretium
1658 4460 1778 4524 fru-

626 4548 780 4594 mento
811 4545 1050 4596 accedere.
1087 4541 1427 4605 ἐπιτιμᾶν,
1464 4543 1594 4608 quod
1626 4541 1775 4605 vulgo

628 4627 871 4692 significat
911 4629 1219 4691 exprobrare,
1270 4643 1413 4676 sensu
1448 4626 1541 4673 τοῦ
1564 4623 1777 4688 pretium

627 4710 834 4760 alieuius
911 4711 984 4759 rei
1061 4724 1257 4774 auqere,
1335 4724 1445 4756 raro
1514 4711 1777 4769 usurpatur

1842 1500 1906 1548 cf.
1949 1499 2100 1565 Diph.
2146 1516 2224 1565 ap.
2273 1501 2451 1551 Athen.
2500 1500 2555 1561 V,
2601 1501 2700 1551 228
2728 1502 2787 1551 B.
2820 1502 2998 1566 fragm.

1844 1574 2174 1642 Ἐμπόρουε
2231 1582 2319 1630 τὸν
2374 1583 2557 1647 ξενικὸν
2607 1579 2729 1632 οἶνον
2779 1579 3001 1633 ἐπιτετί-

1844 1679 2006 1724 μηκας
2041 1661 2201 1720 πολύ,
2240 1668 2291 1713 et
2324 1663 2500 1726 (Dem.)
2533 1664 2753 1726 XXXIV,
2788 1666 2876 1715 392
2910 1664 3001 1714 ὅτε

1844 1742 1887 1792 δ’
1924 1744 1949 1793 ὁ
1984 1745 2125 1802 σῖτος
2172 1741 2445 1810 ἐπετιμήθη
2492 1747 2723 1808 πρότερον
2769 1744 2857 1796 καὶ
2889 1743 3007 1810 ἐγέ-

1844 1843 1953 1875 νετο
1989 1822 2251 1874 ἑκκαίδεκα
2283 1823 2538 1889 δραχμῶν.
2572 1829 2680 1878 ΔοΙ.
2716 1828 2775 1878 V.
2812 1828 2878 1878 H.
2923 1829 3005 1879 10.

1845 1910 1924 1968 50,
1970 1909 2095 1973 App.
2143 1908 2202 1959 Β.
2249 1907 2304 1958 Ο.
2353 1910 2399 1959 5.
2437 1909 2516 1962 67.
2555 1910 2832 1961 Herodotus
2868 1927 3009 1960 usur-

1842 1996 1930 2056 pat
1964 1990 2230 2052 ἀνατιμᾶν,
2264 1992 2326 2041 cf.
2359 1992 2448 2043 IX.
2485 1993 2548 2041 33
2582 1997 2631 2041 et
2666 1993 2739 2041 ita
2771 1992 3008 2058 posterio-

1843 2090 1933 2123 res.
1973 2074 2342 2123 Substantivum
2378 2079 2544 2123 autem
2579 2070 3001 2135 ἐπιτίμησις,

1843 2155 2026 2206 caritas
2071 2172 2310 2216 annonae,
2355 2171 2465 2205 raro
2514 2155 2750 2216 occurrit,
2782 2172 2872 2205 nec
2904 2156 3005 2205 nisi

1844 2238 1975 2303 apud
2024 2238 2312 2303 posteriores
2326 2276 2339 2298 ,
2390 2254 2508 2288 nam
2557 2238 2688 2303 apud
2742 2237 3004 2303 scriptores

1843 2321 2072 2371 classicos
2106 2336 2293 2385 semper
2327 2325 2401 2370 est
2432 2320 2731 2383 opprobrium
2759 2321 2823 2369 cf.
2848 2320 3001 2371 Thuc.

1844 2403 1958 2453 VII.
1994 2403 2076 2453 48.
2112 2404 2157 2452 3.

1912 2483 2413 2551 παρακομίζειν]
2458 2484 2673 2550 positum
2718 2500 2861 2534 sensu
2907 2486 3004 2534 τοῦ

1846 2567 2148 2617 transvehere
2188 2583 2350 2617 navem
2397 2567 2467 2615 ad
2510 2582 2724 2631 ayqerem
2766 2566 2861 2616 hoc
2893 2568 3003 2616 solo

1846 2649 1955 2699 loco
2007 2650 2253 2699 invenitur
2267 2688 2280 2709 ‚
2332 2649 2585 2714 proprium
2634 2665 2749 2698 vero
2800 2649 3007 2698 verbum

1847 2733 1941 2781 hac
1984 2733 2043 2782 de
2089 2748 2140 2782 re
2187 2732 2379 2782 videtur
2412 2747 2514 2780 esse
2547 2729 2903 2795 περιορμίζειν,
2939 2731 3006 2780 es.

1847 2814 2024 2877 (Dem.)
2056 2814 2142 2864 LI.
2171 2817 2204 2863 4
2239 2819 2289 2863 et
2322 2813 2501 2863 Pollux
2534 2814 2579 2863 Ι.
2614 2813 2725 2873 122,
2759 2812 2844 2878 qui
2874 2812 3004 2862 hanc

1849 2897 2118 2946 orationem
2154 2902 2204 2946 et
2236 2901 2517 2961 sequentem
2551 2896 2739 2945 laudat.

1918 2976 2022 3027 ἐπῖ
2067 2980 2138 3028 τὸ
2186 2979 2403 3044 χῶμα]
2437 2965 2598 3041 χῶμα
2634 2983 2739 3027 erat
2772 2992 2917 3041 agger
2953 2977 3006 3026 in

1848 3067 1987 3126 parte
2022 3061 2233 3126 quadam
2266 3067 2435 3126 portus
2468 3059 2632 3109 Piraei
2666 3074 2815 3124 prope
2844 3058 3008 3107 Eetio-

1849 3159 1993 3192 neam
2037 3144 2116 3205 (cf.
2161 3143 2295 3193 Hell.
2330 3142 2411 3209 111.
2463 3142 2509 3191 3.
2548 3142 2643 3201 46,
2676 3141 2827 3189 Thuc.
2861 3139 3005 3189 VIII.

1852 3226 1933 3274 90.
1986 3226 2061 3287 1),
2111 3225 2191 3273 cui
2237 3241 2385 3274 naves
2441 3223 2775 3287 alligabantur
2821 3228 2870 3272 et
2916 3222 3007 3271 ubi

1850 3308 2215 3357 instruebantur
2271 3312 2321 3356 et
2371 3306 2775 3355 examinabantur
2788 3343 2802 3364 ,
2856 3320 3003 3369 saepe

1851 3390 2056 3439 Senatus
2100 3390 2196 3438 huc
2240 3389 2597 3438 convocabatur
2641 3405 2671 3436 a
2719 3387 3010 3452 prytanibus

1853 3472 2046 3536 quando
2100 3471 2342 3536 expeditio
2386 3470 2671 3535 parabatur.
2726 3468 2781 3519 O.
2800 3469 2844 3518 Ι.
2862 3469 2922 3518 Δ.
2957 3468 3018 3517 II

1851 3555 1940 3604 ΝΟ.
1972 3556 2066 3604 809
2099 3554 2192 3603 col.
2217 3555 2264 3613 b,
2283 3570 2329 3603 v.
2361 3554 2422 3601 15
2442 3568 2512 3616 sq.
2532 3552 2653 3609 τοὺς
2671 3550 2726 3599 δὲ
2744 3548 3010 3613 πρυτάνεις

1851 3637 2005 3686 ποιεῖν
2040 3638 2224 3699 βουλῆς
2251 3633 2393 3696 ἕδραν
2424 3631 2509 3683 ἐπὶ
2537 3631 2752 3696 χώματι
2782 3631 2890 3693 περῖ
2911 3635 3006 3680 τοῦ

1851 3718 2141 3768 ἀποστόλου
2171 3722 2422 3780 συνεχῶς,
2451 3715 2543 3774 ἕως
2572 3713 2632 3764 ἂν
2660 3714 2686 3762 ὃ
2714 3713 3005 3772 ἀπόστολος

1850 3799 2060 3864 γένηται
2095 3802 2157 3850 cf.
2190 3800 2385 3849 Pollux.
2419 3798 2506 3847 IX.
2538 3799 2627 3846 34:
2656 3798 2726 3846 τὰ
2757 3795 2863 3858 περὶ
2882 3796 3003 3853 τοῦς

1853 3882 2059 3945 λιμένας
2110 3880 2256 3944 μέρη·
2303 3879 2516 3944 δεῖγμα,
2551 3883 2738 3942 χῶμα,
2772 3874 3004 3939 ἐμπόριον

1853 3964 1937 4015 καὶ
1965 3962 2233 4030 ἐξαίρεσις,
2263 3962 2325 4021 ὡς
2352 3960 2608 4024 Ὑπερίδης
2635 3960 2783 4025 φησῖν
2814 3957 2863 4009 ἐν
2894 3961 3004 4018 τοῖς

1855 4047 1975 4110 ὑπὲρ
2024 4049 2116 4096 τοῦ
2164 4046 2426 4108 ταρίχους.
2472 4044 2686 4094 Fallitur
2732 4048 2898 4092 auctor
2932 4059 3006 4091 ar-

1853 4130 2071 4195 gumenti
2113 4145 2185 4178 or.
2217 4128 2309 4176 LI:
2347 4128 2406 4176 τό
2441 4130 2604 4191 χῶμα
2638 4125 2692 4175 δὲ
2728 4123 2782 4183 ἦν
2817 4122 3003 4174 οἰκοδό-

1854 4228 2000 4274 μημα
2035 4207 2084 4260 ἒν
2119 4216 2190 4275 τῷ
2228 4206 2391 4270 λιμένι
2428 4206 2826 4271 προβεβλημένον
2858 4223 3004 4268 προσ·

1854 4294 2092 4356 ορμίσεως
2125 4291 2268 4341 ἕνεκα
2301 4288 2387 4339 καὶ
2419 4289 2607 4353 ἀγορᾶς
2634 4294 2733 4338 τῶν
2762 4292 2966 4338 ναυτῶν.

1922 4375 1996 4426 Cf.
2041 4374 2384 4433 Wachsmuth,
2429 4373 2508 4422 die
2554 4372 2697 4422 Stadt
2741 4372 2902 4422 Athen
2935 4370 3004 4419 im

1853 4459 2135 4508 Alterthum
2167 4457 2237 4516 11,
2273 4457 2321 4516 1,
2354 4471 2435 4520 pg.
2472 4453 2538 4503 94
2570 4471 2642 4519 sq.

1921 4539 2026 4589 καὶ
2074 4539 2228 4595 τοὺς
2277 4537 2646 4600 βουλευτὰς
2698 4534 2804 4584 καὶ
2852 4533 3004 4591 τοὺς

1856 4620 2238 4684 δημάρχους
2304 4620 2715 4681 καταλόγους
2764 4616 3006 4666 ποιεῖσ-

1857 4702 1953 4752 θαι
2022 4730 2088 4741 -
2149 4699 2256 4750 καὶ
2323 4698 2670 4763 ἀποφέρειν
2738 4697 3005 4763 ναύτας]
