3350 5417
566 653 659 698 ΧΠ
1524 650 1969 701 ΜΒοΒσοἮο.

565 817 878 901 magister
943 816 1244 897 (ἡγεμών)
1276 817 1344 897 ¹).
1418 814 1638 894 Cives,
1713 816 1945 900 quibus
2015 835 2115 879 res
2188 813 2525 879 familiaris
2589 818 2727 878 erat
2790 812 2970 877 infra

564 923 804 1009 viginti
850 924 1127 1007 quinque
1171 924 1414 1000 minas,
1466 925 1792 987 immunes
1840 925 2019 1001 erant
2048 918 2118 1001 2).

654 1027 882 1092 Paucis
943 1031 1124 1092 annis
1185 1034 1360 1114 post,
1425 1050 1574 1094 cum
1635 1026 1834 1092 multi
1882 1029 2054 1092 cives
2102 1027 2606 1091 contributiones
2654 1044 2800 1088 suas
2851 1022 2966 1088 vel

565 1155 702 1200 sero
771 1134 879 1199 vel
947 1137 1206 1200 omnino
1277 1156 1403 1200 non
1462 1135 1806 1220 penderent
1824 1183 1840 1211 ,
1920 1133 2046 1198 alia
2114 1135 2277 1199 ratio
2345 1139 2441 1197 est
2507 1134 2808 1195 instituta
2879 1136 2963 1195 ut

566 1242 832 1324 pecunia
893 1240 972 1304 ad
1036 1245 1290 1325 tempus
1338 1247 1586 1326 praesto
1634 1244 1818 1305 esset.
1869 1239 2208 1325 Magistris
2257 1240 2764 1325 symmoriarum
2811 1258 2963 1320 sup-

563 1344 904 1429 peditanda
943 1350 1077 1409 erat
1115 1349 1381 1430 pecunia
1400 1394 1416 1423 ,
1459 1367 1654 1429 quam
1691 1345 1914 1410 deinde
1939 1365 1976 1409 a
1999 1343 2320 1410 sodalibus
2345 1365 2459 1429 pro
2483 1348 2619 1407 rata
2642 1345 2956 1426 cuiusque

566 1454 746 1533 parte
807 1451 1261 1534 recuperabant
1284 1456 1358 1532 ⁸),
1424 1451 1534 1514 sed
1595 1448 1786 1535 paulo
1835 1455 1978 1534 post
2023 1451 2263 1514 iterum
2304 1451 2468 1513 ratio
2517 1447 2816 1532 exigendi
2865 1449 2959 1511 sic

563 1560 661 1619 est
704 1560 956 1619 mutata
974 1602 992 1633 ,
1040 1560 1116 1619 ut
1161 1558 1502 1641 quotannis
1548 1559 1615 1620 in
1661 1577 1913 1641 quoque
1960 1576 2127 1640 pago
2169 1555 2555 1620 referrentur
2592 1557 2661 1618 in
2700 1551 2959 1617 tabulas

564 1663 819 1725 nomina
854 1659 1506 1745 locupletissimorum
1547 1664 1794 1726 civium
1816 1666 1881 1726 et
1901 1660 2368 1746 inquilinorum
2389 1708 2406 1738 ,
2449 1663 2561 1745 qui
2582 1660 2674 1724 ibi
2698 1658 2961 1745 praedia

562 1764 961 1850 possidebant
989 1769 1061 1847 ⁴),
1109 1788 1143 1831 e
1190 1768 1421 1851 quibus
1469 1770 1737 1853 strategi
1775 1769 2202 1831 necessarium
2242 1787 2588 1830 numerum
2627 1765 2958 1851 eligebant

565 1891 825 1948 eorum,
881 1873 992 1956 qui
1056 1879 1325 1957 urgente
1379 1875 1755 1936 necessitate
1800 1875 2139 1957 pecuniam
2184 1894 2301 1957 pro
2350 1871 2613 1956 reliquis
2662 1870 2959 1955 suppedi-

564 1982 699 2040 tare
761 1973 1089 2041 debebant.
1155 1976 1295 2043 Hoc
1347 1978 1675 2043 dicebatur
1723 1978 2137 2058 προεισφέρειν
2188 1984 2252 2042 et
2300 1976 2707 2056 προεισφοροέ,
2759 1995 2955 2061 quam

565 2101 704 2145 rem
749 2082 827 2146 ad
873 2081 1173 2168 liturgias
1220 2086 1536 2168 pertinere
1585 2084 1812 2149 docent
1861 2085 1948 2169 ᾖς
1973 2084 2014 2148 8
2063 2090 2128 2148 et
2177 2082 2216 2147 9
2264 2083 2460 2149 huius
2511 2083 2834 2147 orationis.

655 2187 754 2251 Ex
813 2186 971 2253 locis
1028 2187 1267 2269 (Dem.)
1316 2188 1516 2253 XLII.
1546 2188 1585 2252 3
1634 2209 1724 2273 sq.
1776 2189 1961 2270 (ἐγώ,
2011 2186 2052 2253 ὦ
2101 2186 2308 2268 ἄνδρες
2358 2188 2684 2272 δικασταί,
2730 2184 2953 2262 ἥδιστα

566 2292 678 2370 μὲν
741 2293 818 2357 ἂν
885 2296 1152 2370 ἐμαυτὸν
1215 2291 1369 2360 εἶδον
1440 2297 1829 2375 εὐτυχοῦντα
1894 2291 2092 2375 ὥσπερ
2155 2295 2434 2375 πρότερον
2489 2305 2565 2376 τῇ
2623 2295 2800 2377 οὐσία
2846 2293 2951 2358 καὶ

564 2399 830 2475 μένοντα
894 2408 955 2465 έν
1018 2410 1143 2471 τοῖς
1210 2403 1590 2482 τριακοσίοις·
1659 2401 1865 2474 ἐπειδὴ
1895 2439 1973 2450 -
2006 2401 2131 2465 νυνί
2191 2424 2274 2478 με
2323 2401 2416 2466 δεῖ
2460 2410 2537 2481 τῇ
2587 2398 2762 2464 πόλει
2808 2401 2953 2478 τρία

567 2504 858 2570 τοὶλαντα
927 2508 1328 2586 καταθεῖναι,
1390 2505 1704 2573 τοίλαντον
1771 2506 1942 2572 κατα
2006 2508 2113 2580 τὴν
2180 2508 2401 2585 μερίδα
2445 2544 2524 2556 -
2568 2505 2670 2591 §4
2735 2505 2950 2583 δέομαι

566 2607 663 2676 οὖν
723 2612 885 2689 ὑμῶν
932 2613 1226 2678 οὶποέντων
1257 2650 1333 2663 -
1362 2618 1570 2678 τοῦτον
1623 2614 1709 2684 εἰς
1758 2612 1896 2684 τοὺς
1948 2619 2324 2691 τριακοσίους
2374 2614 2512 2676 ἀντ’
2559 2614 2709 2690 ἐμοῦ
2758 2635 2958 2675 κατα-

564 2726 830 2795 στῆσαι,
894 2723 959 2783 et
1021 2719 1205 2804 §251
1270 2727 1476 2785 καλῶν
1540 2719 1666 2799 γὰρ
1731 2720 2022 2797 κοίγαθῶν
2087 2718 2218 2781 ἐστὶ
2283 2719 2587 2783 δικαστῶν
2639 2718 2787 2789 ,τοὺς
2836 2717 2954 2795 μὲν

563 2828 678 2886 τῶν
727 2831 989 2888 πολιτῶν
1039 2824 1395 2899 ἐθέλοντας,
1450 2820 1598 2888 ὅταν
1645 2825 1972 2904 εὐπορῶσι,
2023 2827 2512 2904 λῃτουργοῦντας
2564 2824 2669 2887 καὶ
2719 2824 2777 2887 ἐν
2824 2830 2950 2894 τοῖς

559 2932 916 3008 τριακοσίοις
958 2929 1140 3003 ὄντας
1193 2930 1561 3008 οἰναπαύειν,
1602 2926 1752 2995 ὅταν
1803 2929 2018 2995 τούτου
2067 2930 2333 3007 δεόμενοι
2376 2929 2766 3012 τυγχάνωσι,
2808 2929 2950 3000 τοὺς

562 3035 623 3099 δὲ
675 3035 1032 3117 νομίζοντας
1084 3036 1448 3115 ἀπολλύειν,
1498 3033 1647 3101 ὅταν
1702 3037 1785 3109 εἰς
1837 3035 1906 3099 τὸ
1957 3036 2145 3102 κοινόν
2187 3059 2244 3100 τι
2287 3037 2741 3114 δαπανήσωσιν,
2767 3033 2954 3113 ἄγειν

563 3141 646 3212 εἰς
712 3142 852 3214 τοὺς
918 3141 1423 3222 προεισφέροντας
1494 3142 1598 3206 καὶ
1677 3143 1765 3218 μὴ
1819 3140 2164 3221 ἐπιτρέπειν
2214 3140 2632 3222 δραπετεύειν)
2680 3144 2746 3205 et
2789 3139 2957 3204 Isaei

563 3246 671 3312 VI.
723 3245 809 3312 60
859 3247 990 3327 (καὶ
1042 3249 1156 3319 τοὶς
1208 3248 1496 3327 εἰσφορὰς
1550 3247 2009 3329 εἰσενηνόχασιν
2060 3247 2399 3329 ἀμφότεροι
2450 3246 2663 3317 ποὶσας
2716 3250 2776 3309 ἕν
2823 3254 2951 3317 τοῖς

562 3353 960 3433 τριακοσίοις,
991 3389 1077 3401 --
1103 3357 1203 3417 νῦν
1252 3353 1315 3417 δὲ
1359 3354 1462 3418 καὶ
1507 3354 1533 3418 ὅ
1579 3350 1852 3434 νεώτερος
1897 3353 2096 3418 οὑτοσὶ
2140 3362 2407 3434 χορηγεῖ
2440 3353 2553 3431 μὲν
2580 3350 2953 3432 τραγῳδοῖς,

566 3460 650 3531 εἰς
716 3458 780 3522 δὲ
842 3457 980 3531 τοὺς
1045 3460 1419 3537 τριακοσίους
1470 3460 1916 3538 ἐγγέγραπται
1970 3459 2074 3523 καὶ
2126 3459 2393 3541 εἰσφέρει
2443 3460 2561 3529 τὰς
2609 3458 2956 3537 εἰσφοράς.)

566 3570 741 3650 patet
788 3569 1188 3649 postremum
1234 3568 1659 3641 constitutum
1705 3587 1838 3631 esse
1887 3569 2184 3631 trecentis
2231 3564 2756 3651 locupletissimis
2802 3566 2959 3628 civi-

567 3670 687 3734 bus
735 3675 797 3734 et
845 3669 1175 3755 inquilinis
1225 3693 1475 3756 semper
1519 3673 1842 3737 tributum
1894 3672 2434 3757 suppeditandum
2479 3672 2672 3735 fuisse
2696 3673 2770 3751 ⁵).

657 3775 900 3840 Munus
963 3797 1114 3841 vero
1178 3777 1368 3863 longe
1432 3780 2075 3862 sumptuosissimum
2137 3784 2201 3843 et
2249 3780 2773 3863 operosissimum
2820 3781 2957 3839 erat

639 4101 685 4159 1)
721 4100 782 4147 cf.
836 4098 977 4148 Dem.
1029 4097 1160 4145 XXI.
1221 4095 1339 4146 157:
1395 4094 1593 4158 ἡγεμὼν
1645 4095 1930 4155 συμμορίας
1982 4092 2096 4155 ὑμῖν
2150 4091 2387 4157 ἐγενόμην
2436 4090 2537 4156 ἐγὼ
2584 4091 2677 4149 ’ἐτη
2724 4090 2845 4141 δέκα
2890 4121 2949 4129 -

569 4177 801 4241 εἰσφέρων
868 4178 955 4228 οὐκ
1021 4178 1119 4227 ἀπὸ
1186 4175 1510 4239 ὑπαρχούσης
1563 4175 1755 4234 οὐσίας,
1812 4176 1933 4225 ἀλλ’
1994 4176 2092 4224 ἀπὸ
2143 4179 2235 4233 τῆς
2289 4174 2428 4240 δόξης
2482 4171 2543 4223 ὧν
2592 4175 2616 4222 ὁ
2663 4173 2827 4235 πατήρ
2873 4192 2956 4235 μοι

567 4259 828 4309 κατέλιπε.

635 4342 683 4402 2)
720 4344 779 4390 cf.
814 4342 954 4392 Dcm.
986 4342 1187 4390 XXVII.
1222 4340 1268 4400 7,
1300 4341 1497 4390 Boeckh
1526 4341 1770 4390 Staatsh.²
1808 4340 1833 4387 I
1863 4355 1944 4404 pg.
1976 4340 2088 4400 692,
2121 4346 2171 4388 et
2200 4339 2258 4388 de
2289 4344 2396 4388 tota
2426 4355 2476 4387 re
2503 4338 2753 4387 Hermann
2782 4338 2959 4387 Lehrb.

568 4425 653 4473 der
688 4425 768 4472 Gr.
805 4425 974 4488 Antiq,
1010 4425 1086 4474 ed.
1124 4426 1208 4473 ota
1250 4424 1377 4472 1892
1415 4423 1456 4473 Ι.
1493 4424 1523 4472 2
1560 4427 1582 4485 §
1621 4422 1735 4482 131,
1770 4422 1906 4470 cuius
1942 4423 2233 4470 sententiam
2268 4426 2460 4470 secutus
2494 4437 2619 4469 sum.

639 4508 686 4568 3)
720 4505 858 4554 Dem.
896 4505 1144 4554 XXXVII.
1181 4503 1257 4563 37,
1297 4504 1473 4565 (Dem.)
1507 4504 1563 4553 L.
1600 4506 1645 4563 9,
1683 4503 1845 4551 Schol.
1883 4503 1946 4551 ad
1980 4501 2122 4551 Dem.
2156 4502 2208 4549 II
2245 4518 2323 4566 pg.
2359 4502 2440 4560 26,
2475 4501 2558 4550 21.

636 4591 683 4650 4)
720 4588 813 4635 hoc
858 4593 995 4651 patet
1043 4603 1098 4635 ex
1144 4587 1321 4648 (Dcm.)
1368 4586 1422 4635 L.
1460 4587 1490 4635 8
1539 4587 1600 4635 cf.
1651 4585 1890 4634 Thumser
1934 4586 1993 4633 de
2039 4585 2219 4633 civium
2255 4583 2628 4632 Atheniensium
2662 4583 2959 4632 muneribus,

573 4669 777 4719 Vindob.
817 4668 946 4717 1880
980 4684 1058 4732 pg.
1101 4668 1178 4728 57,
1212 4668 1388 4716 Busolt
1424 4669 1505 4717 Gr.
1542 4667 1756 4716 Alterth.
1793 4667 1844 4714 in
1879 4666 1918 4715 Ι.
1953 4666 2163 4714 Miillers
2195 4665 2391 4715 Handb.
2428 4664 2514 4723 IV,
2549 4666 2594 4723 1,
2628 4680 2706 4728 pg.
2747 4666 2858 4713 196.

644 4753 689 4812 5)
724 4751 785 4798 cf.
823 4750 1042 4798 Fraenkel
1076 4750 1127 4797 in
1164 4750 1360 4798 Boeckh
1395 4749 1638 4797 Staatsh.⁸
1684 4748 1753 4807 ΙΙ,
1790 4748 1933 4806 123*‚
1966 4748 2012 4794 A
2046 4746 2158 4795 838.
