3350 5417
1316 666 1758 717 INTRODUO'HO.
2657 672 2725 716 11

322 857 467 901 mos
533 841 675 901 erat
723 855 851 898 non
897 834 1109 897 omnia
1154 852 1426 897 munera
1471 832 1729 917 publico
1775 831 2027 918 explere
2074 839 2340 918 sumptu
2356 881 2373 911 ,
2422 834 2533 898 sed
2577 856 2727 899 non-

320 940 507 1006 nulla
594 941 850 1005 civibus
932 945 998 1003 et
1084 937 1420 1023 inquilinis
1488 937 2015 1023 locupletioribus
2086 939 2386 1004 mandare
2404 987 2422 1017 ,
2490 939 2726 1005 talibus

318 1047 707 1112 muneribus
771 1065 1004 1110 nomen
1050 1049 1186 1109 erat
1233 1045 1569 1123 λῃτουργία
1592 1092 1609 1122 ,
1659 1066 1936 1129 quorum
1981 1044 2106 1109 alia
2152 1051 2331 1110 erant
2377 1045 2685 1110 ordinaria
2707 1095 2724 1123 ,

321 1172 485 1238 quae
534 1153 878 1237 quotannis
897 1198 913 1226 ,
956 1149 1082 1214 alia
1122 1149 1642 1226 extraordinaria,
1686 1171 1847 1234 quae
1890 1149 2044 1215 belli
2082 1151 2531 1216 tantummodo
2570 1157 2728 1216 tem-

320 1278 477 1343 pore
542 1258 857 1342 praestari
919 1255 1248 1320 debebant.
1312 1254 1506 1319 Initio
1571 1257 1880 1341 cuiusque
1942 1259 2091 1320 anni
2155 1276 2193 1320 a
2252 1256 2598 1324 tribulibus
2658 1260 2727 1321 in

326 1363 571 1429 tabulis
658 1362 1007 1428 edebantur
1076 1363 1339 1426 nomina
1408 1381 1667 1439 eorum,
1740 1362 1973 1447 quibus
2043 1384 2156 1448 per
2223 1362 2417 1428 illum
2486 1384 2728 1428 annum

324 1491 568 1534 munus
648 1467 910 1554 aliquod
981 1471 1146 1532 esset
1216 1463 1728 1552 suscipiendum,
1802 1470 2220 1554 magistratus
2287 1469 2511 1534 deinde
2581 1489 2727 1533 suas

324 1577 561 1661 cuique
634 1579 846 1659 partes
919 1573 1297 1659 adsignabat
1314 1620 1332 1650 ,
1406 1575 1735 1637 neminem
1804 1577 2018 1638 tamen
2038 1621 2055 1651 ,
2125 1575 2252 1637 nisi
2311 1574 2458 1659 plus
2528 1595 2726 1659 quam

326 1682 453 1746 duo
523 1679 772 1745 talenta
833 1700 1058 1745 census
1119 1685 1319 1757 esset,
1385 1685 1460 1743 ut
1523 1677 1651 1743 tale
1713 1700 1952 1744 munus
1999 1681 2381 1764 susciperet,
2430 1683 2578 1765 cogi
2620 1701 2727 1764 po-

326 1789 564 1864 tuisse,
633 1789 880 1850 constat
911 1788 978 1866 ¹).
1030 1782 1204 1849 Inter
1250 1784 1572 1849 ordinaria
1613 1784 1925 1865 χορηγία,
1975 1786 2493 1864 γυμνασιαρχία,
2542 1786 2728 1865 ἆρχε-

323 1891 541 1970 ampla
566 1889 627 1968 ⁸)
692 1889 1093 1955 nobilissima
1154 1895 1367 1967 erant,
1433 1891 1604 1954 inter
1663 1891 2160 1956 extraordinaria
2221 1891 2592 1970 προεισφοραὶ
2663 1896 2727 1955 et

326 1997 726 2077 τριηραρχία.
1364 2053 1369 2058 .

414 2102 682 2181 Χορηγοὶ
746 2102 966 2166 choros
1015 2103 1325 2185 cuiusque
1370 2103 1624 2187 generis
1671 2101 1751 2167 ad
1795 2101 1978 2167 ludos
2023 2100 2315 2187 publicos
2362 2121 2726 2186 comparare

326 2210 645 2274 debebant
663 2257 681 2285 ,
747 2210 923 2273 omni
971 2213 1284 2293 apparatu
1330 2209 1648 2272 instruere
1696 2213 1762 2273 et
1809 2228 2134 2273 excercere
2152 2256 2167 2285 ,
2214 2211 2375 2272 item
2421 2207 2727 2283 γυμνασί-

326 2338 511 2395 αρχοι
575 2333 720 2390 eos,
768 2315 879 2399 qui
927 2315 996 2377 in
1041 2312 1215 2377 ludis
1260 2314 1587 2399 gymnicis
1637 2315 1943 2378 certaturi
1988 2318 2203 2390 erant,
2251 2315 2319 2377 in
2364 2314 2724 2399 gymnasiis

324 2420 645 2486 excerceri
726 2419 1030 2484 curabant
1117 2423 1183 2484 et
1261 2418 1451 2482 rebus
1521 2418 1601 2482 ad
1669 2424 1991 2483 certamen
2057 2421 2424 2483 necessariis
2467 2419 2721 2481 instrui.

326 2524 692 2605 ἅρχεθέωροι
773 2526 967 2588 sacris
1049 2522 1482 2609 legationibus
1552 2523 1630 2588 ad
1702 2522 2038 2610 Olympia,
2112 2524 2387 2610 Pythia,
2443 2522 2720 2598 Nemea,

328 2631 606 2696 Isthmia
624 2678 640 2706 ,
700 2627 888 2694 Delia
952 2627 1201 2713 aliaque
1261 2633 1442 2692 extra
1509 2628 1796 2694 Atticam
1857 2628 2166 2694 solemnia
2211 2629 2462 2715 publice
2508 2629 2722 2693 missis

328 2736 895 2822 praeficiebantur,
951 2740 1016 2798 et
1076 2737 1314 2820 partim
1368 2736 1494 2819 ipsi
1539 2741 1839 2820 sumptus
1885 2738 1952 2798 in
1999 2735 2114 2798 has
2157 2734 2540 2820 legationes,
2586 2754 2724 2818 par-

328 2845 453 2907 tim
498 2843 733 2907 civitas
779 2838 1109 2906 tolerabat.
1160 2838 1331 2906 Cum
1376 2838 1548 2905 bello
1597 2847 1737 2905 orto
1786 2842 2103 2905 aerarium
2150 2840 2441 2905 deficeret
2456 2889 2473 2919 ‚
2525 2840 2718 2903 tribu-

330 2957 475 3012 tum
561 2946 1140 3012 extraordinarium
1224 2946 1522 3010 omnibus
1605 2947 1857 3012 civibus
1944 2952 2390 3032 praeterquam
2465 2945 2720 3010 infimae

328 3052 548 3117 classis
566 3101 583 3129 ,
632 3051 1082 3137 imponebatur
1129 3057 1194 3115 et
1241 3050 1591 3115 secundum
1637 3073 1900 3116 censum
1943 3052 2351 3136 pendendum
2397 3056 2533 3116 erat
2549 3098 2564 3127 ,
2614 3052 2719 3115 cui

330 3159 577 3222 tributo
623 3177 860 3222 nomen
906 3164 1002 3221 est
1047 3156 1330 3236 εἰσφοραὶ.
1366 3157 1557 3241 Apud
1596 3156 2042 3245 Thucydidem
2070 3159 2119 3238 ³)
2161 3160 2449 3242 primum
2470 3162 2718 3221 certum

330 3261 703 3348 exemplum
759 3265 1092 3327 invenitur
1134 3262 1215 3326 ad
1262 3261 1362 3326 Ol.
1414 3260 1522 3326 88.
1578 3262 1611 3327 1
1661 3261 1871 3343 (428),
1920 3263 2028 3327 sed
2071 3265 2204 3327 iam
2251 3268 2435 3327 antea
2476 3262 2720 3325 tributa

329 3376 551 3434 exacta
598 3390 735 3433 esse
783 3371 919 3433 veri
965 3367 1179 3433 simile
1228 3374 1344 3432 est.
1392 3367 1569 3433 Haec
1613 3370 1856 3434 tributa
1892 3369 2328 3454 pendebantur
2367 3367 2718 3433 secundum

330 3495 591 3540 censum
656 3472 908 3538 Solonis
955 3494 1156 3558 usque
1203 3473 1281 3537 ad
1333 3471 1433 3536 01.
1490 3472 1637 3540 100.
1691 3472 1731 3538 3
1779 3472 2038 3556 (37817),
2094 3495 2218 3560 quo
2272 3495 2434 3539 anno
2486 3474 2718 3539 archon

330 3579 715 3644 Nausinicus
760 3598 997 3644 novam
1042 3580 1193 3643 iniit
1237 3580 1569 3654 rationem.

418 3685 561 3749 Hoc
623 3687 799 3749 enim
859 3691 1114 3748 auctore
1181 3704 1401 3748 omnes
1447 3687 1620 3750 cives
1665 3686 1994 3750 tributarii
2011 3734 2029 3762 ,
2078 3688 2377 3771 strategis
2422 3685 2720 3750 adminis-

328 3791 681 3868 trantibus,
746 3791 814 3853 in
877 3792 1268 3876 symmorias
1330 3791 1466 3854 sive
1531 3789 1759 3855 classes
1804 3791 1997 3856 divisi
2042 3796 2193 3854 sunt
2235 3793 2329 3856 ita
2374 3797 2449 3854 ut
2493 3811 2717 3856 census

328 3899 636 3981 cuiusque
698 3897 1087 3981 symmoriae
1152 3915 1268 3980 par
1329 3901 1527 3973 esset3
1593 3898 1842 3981 quoties
1890 3898 2097 3981 igitur
2141 3897 2462 3960 tributum
2507 3899 2718 3982 exige—

330 4001 535 4078 batur,
586 4002 1010 4087 symmoritae
1055 4022 1171 4086 pro
1219 4002 1510 4086 portione
1560 4004 1652 4066 rei
1700 4000 2039 4065 familiaris
2089 4000 2476 4085 pendebant,
2523 4021 2718 4085 quam

330 4127 465 4170 rem
520 4108 1031 4192 symmoriarum
1080 4111 1406 4172 curatores
1454 4107 1896 4186 (ἐπιμεληταί)
1943 4113 2009 4171 et
2054 4108 2395 4171 censitores
2438 4105 2720 4187 (διαγρα-

329 4216 490 4289 Φῆς,
538 4211 929 4290 ἐπιγραφῆς)
977 4213 1321 4286 curabant,
1370 4217 1697 4296 praeterea
1736 4214 1964 4296 cuique
2004 4213 2393 4298 symmoriae
2431 4219 2718 4297 praeerat

402 4515 445 4574 1)
479 4515 544 4562 ef.
582 4513 723 4562 Dem.
760 4513 962 4563 XXVII.
999 4515 1079 4563 64.

394 4594 444 4654 2)
476 4593 555 4642 Sic
587 4594 717 4643 onim
750 4594 1057 4644 scribendum
1092 4612 1195 4644 osso
1235 4596 1376 4645 docet
1412 4596 1739 4646 Meisterhans
1777 4596 1990 4644 Grnmm.
2027 4596 2111 4643 der
2149 4598 2252 4645 Att.
2293 4597 2502 4647 11110111.ι
2544 4615 2622 4662 pg.
2651 4599 2715 4650 78

329 4683 379 4724 ot
414 4677 495 4725 00.

397 4757 447 4816 8)
480 4755 573 4804 111.
614 4757 687 4806 1⁹.
726 4759 780 4807 1:
820 4755 1186 4820 εἰσενεγκόντας
1220 4759 1343 4809 τότε
1379 4763 1571 4821 πρᾶτον
1606 4757 1841 4820 εἰσφορὰν
1877 4755 2106 4806 διακόσια
2141 4759 2392 4810 τάλαντα.
