3350 5417
561 1537 621 1587 11

1802 601 1885 668 14

653 785 829 865 μόνον
894 784 1262 866 λαμβοὶνων,
1327 784 1489 859 πλὴν
1555 783 1714 849 δυοῖν
1777 792 1989 862 μηνοῖν
2052 783 2230 860 μόνον
2277 783 2493 861 μισθὸν
2540 785 2600 848 ἕν
2646 784 2833 851 πέντε
2892 783 3081 863 μησὶ

656 893 758 957 καὶ
810 893 1096 974 ἐνιαυτῷ,
1145 892 1248 955 καὶ
1300 892 1441 964 τοὺς
1489 892 1725 961 ναύτας
1774 890 1915 962 τοὺς
1963 889 2411 974 μισθωθέντας,
2455 889 2558 954 καὶ
2602 886 2733 955 ὅσον
2773 886 3083 962 ἕκαστος

655 998 889 1078 ἔλαβεν
951 995 1252 1077 ἀργύριον,
1321 994 1392 1062 ἵν’
1456 996 1526 1061 ἐκ
1589 996 1820 1061 τούτων
1887 996 2087 1070 εἰδῆτε
2151 997 2261 1070 την
2323 996 2474 1074 ἕμην
2523 996 2892 1074 προθυμίαν,
2953 994 3081 1059 καὶ

654 1100 823 1177 οὗτος
889 1101 1037 1168 διότι
1101 1102 1508 1183 παραλαβεῖν
1572 1103 1722 1182 παρ’
1787 1103 1937 1180 ἐμοῦ
2001 1103 2113 1176 τὴν
2176 1107 2326 1166 ναῦν
2389 1103 2495 1166 οὐκ
2546 1100 2775 1179 ἤθελεν,
2826 1101 3079 1176 ἐπειδή

653 1234 753 1289 μοι
805 1209 832 1273 ὃ
879 1206 1089 1290 χρόνος
1138 1206 1355 1284 ἐξῆλθε
1401 1216 1508 1283 τῆς
1568 1208 1990 1290 τριηραρχίας.
2075 1281 2078 1286 .

1666 1365 2028 1438 MAPr‘rmAr.

744 1522 895 1586 Ὀτι
944 1519 1058 1599 μὲν
1105 1518 1301 1585 τοίνυν
1350 1520 1414 1583 οὐ
1459 1517 1769 1597 ψεύδομαι
1820 1517 1961 1598 πρὸς
2013 1518 2180 1592 ὑμᾶς
2229 1517 2361 1597 περὶ
2410 1514 2486 1582 ὦν
2533 1512 2699 1581 εἷπον
2746 1512 2788 1581 ὦ
2829 1513 3079 1597 ἄνδρες

659 1626 989 1704 δικασταί,
1037 1631 1155 1691 τῶν
1200 1630 1543 1705 μαρτυριῶν
1588 1622 2221 1702 ἀναγιγνωσκομένων
2270 1622 2607 1698 α’κηκόατε.
2655 1620 2744 1686 ἔτι
2796 1620 2862 1687 δὲ
2922 1623 3081 1703 περὶ

660 1731 736 1799 ὦν
785 1732 998 1811 μέλλω
1047 1731 1277 1810 λέγειν,
1329 1727 1608 1803 ἅπαντές
1656 1752 1759 1806 μοι
1809 1729 2230 1808 ὁμολογήσετε
2281 1726 2373 1794 ὅτι
2424 1730 2618 1803 ἀληθῆ
2662 1729 2847 1793 ἐστιν.
2898 1732 3084 1810 τριή-

662 1863 792 1921 ρους
839 1838 966 1918 γὰρ
1016 1837 1414 1915 ὃμολογεῖται
1467 1835 1814 1909 κατάλυσις
1862 1833 2053 1914 εἶναι,
2104 1841 2334 1916 πρῶτον
2377 1835 2512 1914 μὲν,
2559 1834 2665 1900 ἐὰν
2704 1834 2794 1912 μη
2835 1836 3085 1912 μισθόν

664 1968 758 2018 τις
825 1944 998 2024 διδῷ,
1062 1941 1335 2023 δεύτερον
1397 1942 1497 2020 δὲ,
1564 1942 1673 2007 ἐὰν
1719 1942 1805 2014 εἰς
1856 1940 1958 2006 τὸν
2007 1944 2267 2022 Πειραιοῖ
2312 1940 2559 2019 μεταξὺ
2611 1939 3082 2023 καταπλεύσῃ·

667 2049 1004 2129 ἀπόλειψίς
1053 2074 1124 2115 τε
1173 2048 1301 2128 γὰρ
1348 2049 1613 2121 πλείστη
1666 2047 1997 2136 γίγνεται,
2048 2043 2110 2113 οἵ
2148 2072 2218 2112 τε
2259 2047 2715 2128 παραμένοντες
2758 2052 2879 2111 τῶν
2922 2071 3089 2112 ναυ-

668 2164 784 2222 τῶν
833 2158 941 2222 οὐκ
989 2156 1254 2221 ἐθέλουσι
1305 2155 1500 2218 πάλιν
1548 2154 1894 2232 ἐμβαίνειν,
1946 2155 2054 2219 εὀὶν
2100 2154 2189 2230 μή
2239 2176 2334 2226 τις
2383 2156 2594 2226 αὐτοῖς
2642 2151 2843 2230 ἕτερον
2868 2154 3088 2232 ἀργύ-

737 2358 759 2416 §
797 2354 859 2404 10
895 2352 985 2410 τὴν
1021 2350 1145 2414 ἐμὴν
1177 2352 1320 2400 Blass
1353 2351 1479 2400 coni.
1515 2349 1605 2407 τὴν
1640 2348 1835 2411 τ’έμῆν.
1871 2378 1935 2389 -
1971 2348 2164 2416 ἤθελεν]
2200 2348 2435 2407 ἠθέλησεν
2472 2352 2532 2401 A.
2564 2377 2634 2388 —

739 2439 761 2497 §
798 2436 855 2485 11
893 2438 1102 2498 (πρῶτον
1136 2434 1204 2483 A:
1243 2431 1426 2495 πρώτη.
1461 2433 1501 2481 F
1521 2434 1567 2498 Q
1601 2432 1753 2482 etiam
1787 2430 1994 2496 δευτέρα
2028 2433 2311 2497 praebent.).
2344 2459 2413 2470 —

675 2601 897 2661 sumptus
931 2596 1302 2653 alimentorum,
1338 2593 1419 2642 oui
1453 2593 1534 2642 hio
1570 2593 1832 2659 opponitur

675 2677 848 2740 μισθός
883 2677 1181 2744 stipendium
1213 2677 1275 2726 of.
1302 2676 1452 2725 etiam
1478 2676 1616 2725 Dem.
1647 2674 1733 2724 IV.
1766 2676 1829 2724 28

675 2777 770 2825 quo
822 2777 878 2809 ex
930 2761 1039 2810 looo
1091 2764 1229 2824 patet
1281 2764 1442 2808 aetate
1486 2757 1830 2808 Demosthenis

674 2848 834 2892 totum
863 2859 944 2891 aes
972 2842 1188 2891 militare
1219 2838 1411 2903 (μισθὸς
1441 2839 1661 2903 ἐντελής)
1683 2840 1832 2889 fuisse

677 2931 906 2990 quattuor
951 2925 1136 2984 obolos,
1185 2940 1389 2988 quorum
1424 2924 1519 2973 duo
1555 2924 1617 2972 ad
1650 2922 1833 2972 vietum

677 3008 946 3064 dabantur,
975 3008 1070 3056 duo
1099 3005 1347 3071 proprium
1364 3005 1662 3071 stipendium
1680 3010 1832 3055 erant.

745 3088 908 3146 πλὴν
971 3086 1145 3137 δυοῖν
1202 3088 1431 3149 μηνοῖν
1483 3087 1740 3153 μισθόν]
1775 3104 1832 3137 ex

678 3176 700 3235 §
755 3173 843 3221 12:
907 3169 992 3219 καὶ
1049 3171 1148 3233 ’γὰρ
1201 3168 1373 3230 μισθὸν
1424 3168 1598 3219 οὐδένα
1644 3167 1832 3232 ’ἔλαβον

678 3254 813 3315 παρὰ
847 3254 940 3301 τοῦ
970 3253 1263 3313 στρατηγοῦ
1296 3251 1425 3299 ὀκτῶ
1459 3255 1618 3312 μηνῶν
1649 3256 1699 3300 et
1728 3253 1833 3314 §14

678 3334 764 3384 καὶ
793 3333 967 3396 μισθὸς
996 3330 1083 3382 οὐκ
1110 3330 1322 3389 ἀπεδόθη
1352 3332 1460 3390 τοῖς
1492 3330 1835 3395 στρατιώταις

678 3416 799 3466 ἀλλ’
827 3414 858 3473 ³)
888 3414 1017 3464 δυοῖν
1048 3416 1232 3477 μηνοῖν,
1258 3414 1427 3477 ’ἕτερός
1459 3431 1519 3463 τε
1545 3417 1834 3479 στρατηγὸς

678 3493 766 3556 ἧκε
792 3498 1094 3561 Τιμόμαχος
1126 3504 1329 3564 apparet
1356 3497 1634 3559 Marionem,
1654 3515 1837 3548 sueces-

681 3596 837 3631 sorem
871 3580 1112 3641 Autoolis,
1149 3581 1446 3646 stipendium
1483 3582 1707 3646 quamvis
1734 3598 1838 3648 per-

681 3664 890 3729 paulum
923 3662 1142 3713 solvisse.

752 3743 949 3810 διότι]
994 3745 1074 3794 hio
1119 3761 1207 3811 pro
1252 3744 1355 3805 ὅτι,
1400 3746 1569 3795 eadem
1602 3745 1840 3811 significa·

683 3830 817 3879 tione
865 3827 1014 3878 etiam
1059 3831 1080 3890 §
1128 3826 1190 3879 57
1238 3832 1287 3876 et
1333 3827 1504 3877 XLVI.
1554 3829 1631 3877 16.
1678 3829 1839 3894 Apud.

684 3911 1062 3961 Demosthenem
1111 3909 1306 3959 nullum
1358 3909 1633 3975 exemplum
1680 3915 1839 3971 extat,

685 3997 748 4045 of.
781 3993 1011 4058 Lortzing
1042 3994 1117 4043 1.1.
1153 4009 1235 4059 pg.
1271 3994 1351 4043 65.

755 4073 983 4133 ἐπειδή
1049 4091 1158 4136 μοι
1222 4075 1250 4124 δ
1309 4076 1541 4138 χρόνος
1613 4070 1842 4140 ἐξῆλθε

687 4161 804 4215 τῆς
870 4158 1339 4223 τριηραρχίας]
1403 4163 1616 4208 oratores
1685 4156 1844 4205 solent

682 4240 862 4290 iterum
915 4245 1062 4305 atque
1106 4239 1284 4289 iterum
1330 4246 1573 4305 repetere,
1622 4255 1747 4303 quae
1792 4238 1844 4286 in

685 4322 1105 4387 argumentatione
1162 4337 1337 4371 causae
1390 4321 1556 4387 magni
1607 4319 1845 4370 momenti

684 4410 815 4465 sunt,
861 4404 940 4456 vel
979 4404 1023 4453 si
1054 4420 1238 4454 nausea
1272 4403 1521 4454 auditores
1556 4408 1606 4453 et
1639 4402 1845 4452 lectores

687 4487 919 4538 afficiant.
967 4487 1046 4536 Sic
1085 4492 1251 4537 noster
1297 4503 1371 4547 ea,
1408 4503 1532 4552 quae
1566 4486 1699 4535 faeta
1734 4489 1847 4534 sunt

686 4575 798 4636 post
821 4574 1015 4634 tempus
1043 4569 1356 4619 trierarchiae
1378 4574 1620 4628 exaotum,
1636 4567 1848 4632 insignia

685 4653 883 4703 reddere
934 4651 1072 4712 vult,
1124 4652 1244 4701 haee
1298 4653 1448 4701 verba
1496 4651 1626 4701 enim
1669 4650 1849 4717 repetit

686 4741 860 4805 quater
905 4736 969 4785 of.
1008 4739 1055 4798 §5
1086 4735 1167 4792 14,
1205 4735 1285 4796 18,
1322 4735 1402 4797 25,
1441 4736 1521 4798 58,
1554 4750 1657 4785 rem
1691 4734 1850 4801 ipsam

1910 2594 2060 2643 etiam
2095 2597 2143 2655 §§
2178 2594 2258 2653 15,
2293 2593 2372 2653 20,
2408 2593 2474 2641 24
2503 2598 2568 2642 Δ(ῆι
2608 2593 2688 2641 36.
2722 2593 2785 2642 ef.
2812 2592 2949 2659 Sigg.
2989 2611 3087 2661 ΡΒ.

1912 2674 2027 2736 427,
2061 2675 2191 2724 Uhle
2224 2691 2304 2740 pg.
2340 2676 2403 2723 49
2440 2680 2490 2724 et
2521 2674 2750 2739 Lortzing
2784 2691 2869 2740 pg.
2907 2677 2992 2727 31.

1980 2761 2002 2820 §
2039 2759 2098 2806 11
2137 2757 2382 2823 τοίνυν]
2419 2758 2571 2822 iyitur
2605 2758 2666 2807 of.
2709 2758 2773 2807 ad
2808 2761 2831 2820 §
2868 2757 2916 2810 7.

1978 2837 2283 2902 τριήρους
2325 2839 2447 2902 γὰρ
2495 2839 2939 2903 ὁμολογεῖται
2974 2858 3090 2892 κα-

1912 2919 2200 2979 τάλυσις
2271 2917 2437 2970 εἶναι
2504 2919 2643 2987 κτὲ]
2714 2922 2853 2973 Haeo
2925 2926 3089 2974 verba

1913 3010 2027 3056 sunt
2081 3005 2262 3068 figura,
2314 3020 2461 3069 quam
2510 3005 2724 3055 rhetores
2774 3005 3082 3070 epicherema

1912 3092 2113 3145 vocant,
2177 3086 2344 3135 Cicero
2411 3086 2587 3135 melius
2652 3087 3082 3139 ratiocinationem

1915 3169 2071 3234 Quint
2118 3168 2178 3218 V.
2227 3169 2306 3218 10.
2346 3169 2391 3229 5,
2427 3169 2486 3218 de
2523 3186 2619 3234 qua
2650 3171 2806 3234 figura
2842 3170 3082 3221 videatur

1915 3252 2017 3301 cic.
2071 3252 2130 3300 de
2169 3251 2277 3301 Inv.
2312 3252 2353 3300 Ι.
2392 3251 2472 3302 34.
2509 3251 2571 3304 57
2607 3268 2711 3316 sqq.
2740 3252 2870 3302 etin
2900 3253 3083 3317 primis

1917 3332 1995 3386 37.
2042 3333 2106 3386 67
2146 3351 2250 3399 sqq.
2286 3335 2377 3384 Est
2415 3335 2677 3400 tripertita,
2714 3340 2908 3385 constat
2943 3337 3081 3386 enim

1915 3433 1970 3466 ex
2000 3417 2354 3481 propositione:
2386 3415 2608 3479 τριήρους
2625 3418 2723 3479 γὰρ
2741 3417 3079 3480 ὁμολογεῖται

2111 3496 2463 3563 καταπλεύσῃ,
2510 3499 2856 3565 propositionis
2905 3516 3084 3565 appro-

1915 3580 2139 3630 batione:
2159 3579 2429 3640 ἀπόλειψίς
2448 3598 2508 3631 τε
2523 3583 2621 3645 ’γὰρ
2638 3610 2700 3619 -
2714 3578 3083 3642 διοικήσασθαι,

1918 3669 1967 3713 et
1990 3663 2368 3729 ‘complexionez
2416 3661 2451 3713 ἃ
2490 3660 2606 3725 ἐμοὶ
2635 3692 2702 3702 —
2735 3662 2827 3721 τὴν
2863 3680 3087 3726 τριηραρ-

1919 3746 2057 3809 χίαν.
2109 3747 2171 3796 of.
2223 3762 2366 3811 porro
2433 3746 2618 3795 Cornif.
2667 3745 2737 3796 ΙΙ.
2786 3746 2870 3795 18.
2914 3745 2980 3794 28
3032 3752 3086 3797 et

1920 3828 2224 3877 Volkmann⁸
2265 3845 2346 3894 pg.
2387 3830 2485 3878 194
2519 3845 2589 3894 sq.

1988 3907 2385 3975 κατάλυσις]
2422 3911 2615 3976 proprie
2648 3916 2723 3961 est
2748 3910 2955 3972 ever-riv,
2984 3911 3087 3961 dis-

1921 3992 2098 4042 solutio
2111 4030 2125 4052 ‚
2188 3993 2246 4042 de
2297 3992 2486 4043 triremi
2531 4011 2631 4044 non
2680 3992 2777 4044 nisi
2801 3993 2919 4043 *hoc
2969 3993 3087 4044 loco

1922 4074 1976 4123 in
2022 4074 2322 4124 orationibus
2355 4075 2677 4126 Demostheni
2710 4075 2910 4126 tributis
2945 4092 3089 4126 usur-

1921 4161 2096 4222 patur,
2133 4156 2391 4208 dissolutio
2425 4157 2638 4208 triremis
2671 4160 2729 4208 fit
2744 4195 2757 4218 ,
2795 4157 2838 4207 si
2870 4157 2970 4208 dux
3004 4158 3093 4208 eti-

1924 4239 2103 4304 pendia
2146 4256 2245 4290 non
2292 4240 2440 4292 solvit
2453 4279 2466 4301 ,
2512 4241 2592 4290 vel
2638 4240 2779 4291 navis
2812 4239 3002 4289 interea
3035 4240 3093 4291 in

1925 4321 2155 4372 Piraeum
2199 4322 2354 4384 redit,
2400 4323 2464 4375 cf.
2510 4323 2722 4374 Boeokh.
2756 4322 3002 4374 Staatsh.²
3045 4323 3089 4373 L

1926 4420 2004 4469 pg.
2044 4403 2159 4456 702.

1993 4484 2383 4552 ἀπόλειψις]
2437 4488 2673 4548 desertio,
2724 4487 2875 4538 etiam
2929 4490 2953 4550 ς
3008 4488 3093 4550 15,

1930 4568 2015 4634 qui
2043 4585 2218 4619 navem
2247 4570 2463 4640 deseruit
2495 4572 2731 4628 λιπόναυς
2760 4571 2841 4634 (of.
2873 4570 2935 4619 ad
2964 4570 3095 4633 565)

1928 4656 2131 4701 vocatur
2185 4657 2235 4702 et
2290 4654 2613 4703 λιποναυτίου
2662 4653 2981 4704 accusabatur
3029 4655 3096 4703 of.

1932 4734 2109 4784 Pollux
2148 4733 2234 4783 vr.
2275 4734 2389 4797 153,
2426 4741 2476 4787 et
2516 4735 2656 4787 vm.
2691 4738 2775 4788 40.
