3350 5417
1435 584 1520 653 27

266 775 369 838 καὶ
438 777 542 852 μὴ
605 774 1015 840 διακινδύνευε
1079 774 1275 840 ἐκεῖσε
1339 771 1553 854 άγων’,
1616 772 1717 839 ἵνα
1783 774 2096 842 λύσωνταί
2152 800 2255 853 μοι
2319 776 2389 841 τὸ
2437 778 2680 863 χωρίον,

266 881 620 954 α’ποδὸντες
681 883 988 963 Ἀρχένεῳ
1035 880 1139 945 καὶ
1192 879 1579 961 Θρασυλόχῳ
1628 879 1959 960 τριάκοντα
2007 886 2192 960 μνᾶς.
2242 883 2376 962 περὶ
2426 882 2479 947 δ’
2526 886 2679 949 άπο-

264 988 498 1066 τριβῆς
551 993 670 1052 τῶν
717 992 970 1065 σκευῶν,
1021 984 1228 1062 ἤθελον
1278 986 1448 1067 αὐτῷ
1491 985 1860 1065 γράμματα
1902 988 2194 1069 γράφειν,
2224 991 2327 1053 καὶ
2359 989 2675 1067 ἐγγυηταὶ

262 1094 453 1159 αὐτοὶ
509 1092 846 1174 γίγνεσθαι
897 1092 1042 1172 ὑπὲρ
1088 1094 1276 1171 ἐμοῦ,
1329 1087 1364 1166 ἦ
1411 1093 1534 1167 μην
1581 1092 1826 1159 ἔσεσθαι
1878 1095 2046 1175 αὐτῷ
2092 1092 2130 1159 ὅ
2168 1120 2228 1161 τι
2280 1093 2356 1160 ἂν
2403 1095 2509 1160 καὶ
2550 1103 2679 1168 τοῖς

264 1197 501 1273 ἄλλοις
552 1199 938 1280 τριηράρχοις
986 1198 1127 1277 πρὸς
1177 1200 1316 1269 τοὺς
1358 1197 1716 1292 διαδόχους..
1743 1201 1819 1273 ὣς
1860 1195 1959 1265 οὖν
2001 1201 2215 1266 πάντα
2255 1203 2440 1267 ταῦτ’
2481 1203 2681 1277 άληθῆ

262 1305 445 1384 λέγω
471 1353 493 1386 ,
540 1308 770 1373 τούτων
819 1307 960 1382 ὑμῖν
1006 1306 1438 1384 ἀναγνώσεται
1490 1305 1604 1378 τοὶς
1656 1307 2019 1388 μαρτυρίας.

1298 1478 1658 1522 ΜΑΡΤΤΡῙΑῙ.

358 1605 491 1669 Ἐκ
554 1609 802 1669 πολλῶν
865 1602 1060 1668 τοίνυν
1122 1603 1461 1682 τεκμηρίων
1522 1600 1696 1680 οἶμαι
1746 1603 1889 1680 ὑμῖν
1937 1601 2258 1680 ἐπιδείξειν
2310 1606 2682 1687 Πολυκλέα,

266 1705 366 1774 ὅτι
435 1708 582 1775 οὔτε
648 1709 900 1775 αὐτόθεν
961 1710 1239 1775 διενοεῖτο
1302 1709 1838 1789 παραλαμβάνειν
1901 1707 2052 1788 παρ’
2122 1710 2270 1787 ἐμοῦ
2337 1714 2447 1787 τὴν
2509 1719 2678 1797 ναῦν,

268 1814 432 1895 οὔτ’,
475 1816 685 1892 ἐπειδη
728 1814 842 1897 ὑφ’
887 1817 1046 1892 ὑμῶν
1087 1816 1191 1882 καὶ
1233 1819 1339 1881 τοῦ
1378 1816 1797 1897 ψηφίσματος
1837 1818 1944 1880 τοῦ
1989 1815 2280 1897 ὑμετέρου
2316 1818 2679 1896 ἠναγκάσθη
2713 1826 2844 1877 1216

273 1922 381 1986 ἐπὶ
451 1924 564 1997 τὴν
627 1926 776 1986 ναῦν
838 1922 1127 2007 ἀπιέναι,
1193 1923 1375 1987 ἐλθὼν
1424 1920 1682 1997 ἠθέλησέ
1726 1944 1830 2000 μοι
1879 1920 2275 1998 διαδέξασθαι
2328 1923 2543 1998 αὐτήν.
2592 1923 2683 1990 οὗ·

348 2086 632 2157 Ἀρχένεῳ]
654 2104 899 2150 αρχεννεω
916 2088 963 2139 S.
981 2117 1046 2127 —
1062 2095 1176 2154 post
1203 2086 1473 2151 διαδόχους
1500 2088 1643 2138 Blass
1673 2083 1818 2151 om&
1850 2105 1959 2139 cum
1977 2090 2039 2149 A,
2054 2089 2149 2138 coll
2170 2089 2232 2138 LI
2239 2089 2308 2140 11.
2330 2090 2407 2140 12.
2422 2118 2494 2130 —
2512 2095 2683 2141 ταῦτα

272 2189 380 2224 om.
418 2174 472 2234 S,
507 2172 677 2222 πάντα
712 2188 808 2222 om.
846 2171 961 2238 EQ.
996 2201 1057 2211 —

344 2260 371 2319 ς
407 2257 474 2306 29
510 2255 674 2305 τοίνυν
708 2254 851 2304 Blass
881 2271 968 2321 pro
1003 2254 1095 2318 μὲν
1129 2254 1308 2304 τοίνυν.

275 2419 507 2469 oratione
554 2422 692 2467 amat
731 2416 991 2467 transitum
1023 2417 1085 2467 ab
1120 2418 1341 2467 oratione
1376 2417 1446 2466 in-

275 2502 473 2551 directa
536 2501 586 2551 in
652 2500 924 2550 orationem
980 2499 1243 2560 ditem,
1294 2506 1345 2549 et
1393 2499 1445 2548 in

276 2585 531 2634 narrando
567 2582 686 2633 ordo
720 2583 976 2632 verborum
1009 2598 1118 2631 eum
1153 2582 1348 2631 fefellit.

352 2666 412 2714 ἵν
425 2667 484 2731 α]
512 2664 852 2715 coniunctione
882 2664 1020 2714 finali
1061 2680 1249 2729 semper
1283 2669 1447 2713 noster

282 2749 451 2799 utitur
493 2748 576 2796 ἵνα
620 2747 673 2796 in
716 2746 809 2795 hac
853 2746 1073 2796 oratione
1091 2785 1102 2804 ,
1145 2746 1276 2804 ὅπως
1309 2746 1449 2795 raris-

286 2832 415 2881 aime
451 2831 503 2880 in
539 2830 654 2879 aliis
687 2835 892 2893 usurpat
925 2829 987 2878 cf.
1021 2828 1222 2878 XLVII.
1257 2829 1336 2888 19,
1369 2828 1449 2888 30,

286 2913 434 2963 Lm.
491 2913 582 2972 13;
646 2912 727 2960 ἵνα
789 2911 839 2960 iu
889 2912 983 2961 hac
1027 2911 1246 2961 oratione
1290 2910 1449 2960 decies

288 2996 464 3046 novies
510 3001 562 3044 et
606 2993 657 3043 in
702 2993 817 3042 aliis
862 2994 1011 3043 semel
1047 2999 1097 3043 et
1131 2992 1348 3057 sexagies
1380 2993 1451 3043 in-

285 3079 501 3128 venitur.
530 3076 678 3142 Apud
706 3076 1082 3125 Demosthenem
1112 3075 1272 3141 ipsum
1290 3074 1449 3126 multo

286 3161 489 3226 saepius
533 3158 807 3209 invenimus
842 3163 1127 3223 usurpatam
1156 3157 1453 3209 coniunctio·

290 3260 403 3294 aa·
449 3243 532 3292 Ἰνα
577 3257 726 3307 quam
759 3239 906 3298 ὅπως,
939 3257 983 3290 e.
1003 3256 1050 3305 g.
1083 3240 1136 3289 in
1171 3240 1341 3289 XVIII
1370 3241 1450 3289 ἵνα

290 3326 553 3394 quinquies
586 3330 637 3373 et
670 3323 845 3383 vicies,
880 3321 1011 3380 ὅπως
1043 3328 1210 3372 tamen
1243 3323 1450 3387 septies,

292 3410 353 3459 in
394 3408 511 3458 m
555 3407 639 3455 ἵνα
672 3410 843 3471 quater
879 3412 930 3455 et
966 3405 1253 3470 quadragies
1271 3442 1287 3465 ,
1319 3403 1449 3462 ὅπως

294 3491 465 3542 novies
510 3497 561 3540 et
606 3488 781 3539 decies.
822 3486 1119 3537 Adverbium
1154 3486 1285 3544 ὅπως
1319 3487 1451 3552 apud

294 3579 520 3625 acetrum
566 3578 762 3621 tantum
795 3569 946 3619 semel
980 3569 1190 3619 occurrit
1221 3568 1333 3619 LII.
1373 3571 1452 3629 ll,

297 3656 431 3723 apud
461 3653 839 3704 Demosthenem
864 3652 1021 3702 multo
1056 3650 1356 3716 frequentius
1391 3651 1454 3700 cf.

298 3756 401 3804 ας.
432 3736 601 3788 XVIII
636 3737 746 3794 159,
774 3734 890 3794 208,
919 3735 1034 3793 269,
1062 3733 1177 3782 XIX
1209 3733 1320 3792 165,
1340 3733 1456 3792 169,

302 3821 418 3882 249,
435 3820 553 3880 272,
573 3819 688 3869 308.
722 3818 786 3867 cf.
815 3817 875 3866 de
903 3815 1180 3865 discrimine
1198 3815 1325 3864 iuter
1341 3831 1452 3864 con-

304 3903 575 3954 iunctiones
613 3901 695 3950 ἵνα
734 3907 784 3949 et
811 3897 941 3955 ὅπως
968 3898 1169 3948 Kfihner
1196 3897 1456 3958 (Gramm.)

304 3985 407 4037 11¹.
440 3987 488 4036 2.
524 4001 605 4051 Ρς.
640 3983 739 4033 890
772 3987 822 4032 et
858 3981 972 4040 894,
1010 3982 1057 4031 1.
1090 3997 1171 4030 an.
1208 3981 1254 4029 1.

367 4069 469 4118 ἵνα
522 4062 863 4115 λύσωνταί
909 4079 1018 4124 μοι
1069 4063 1141 4112 τὸ
1193 4061 1458 4126 χωρίον]

304 4151 458 4216 qnod,
504 4155 561 4199 ut
594 4153 617 4211 ς
654 4148 718 4197 13
752 4145 996 4205 narravit,
1029 4145 1457 4211 oppigneraverat,

306 4240 360 4283 ut
397 4233 601 4283 haberet
632 4230 761 4296 quod
796 4229 925 4278 inter
955 4235 1132 4278 nautae
1168 4227 1423 4276 divideret.

369 4315 743 4379 γράμματα
839 4308 1144 4376 γράφειν]
1226 4310 1456 4374 scriptun

306 4399 456 4449 edere.

372 4477 401 4538 ἦ
433 4479 578 4545 μῆν]
613 4479 673 4528 de
705 4492 796 4526 usu
824 4474 972 4525 huius
1003 4474 1243 4525 formulae
1274 4474 1324 4523 in
1356 4490 1461 4523 ora·

307 4562 437 4613 tione
465 4562 653 4613 directa
680 4559 758 4608 vel
776 4557 1013 4608 indirecta
1031 4557 1163 4623 apud
1186 4555 1459 4622 imprecati-

310 4661 423 4696 one·
445 4647 507 4696 cf.
527 4644 732 4695 Kfihner
747 4641 1003 4705 (Gr-amm.)
1021 4639 1101 4689 11¹
1126 4639 1157 4688 2
1174 4655 1256 4705 pg.
1275 4639 1390 4688 689.
1408 4640 1457 4688 4.

376 4729 496 4791 §89
568 4722 637 4776 ὗκ
711 4725 969 4774 πολλῶν
1033 4721 1256 4771 τοίνυν
1318 4736 1459 4770 τεκ·

1523 2434 1643 2478 μηρ
1660 2415 1727 2466 ίω
1739 2417 1788 2482 ν]
1836 2416 2015 2466 Orator
2064 2423 2228 2482 potest
2273 2434 2472 2468 causam
2517 2421 2685 2469 confir-

1523 2516 1658 2549 mare
1738 2507 1789 2550 et
1852 2498 2221 2565 probationibus
2288 2500 2680 2552 inartificialibus

1524 2582 1745 2644 (πίστεις
1780 2580 1991 2646 ἄτεχνοι
2024 2588 2227 2632 vocatae
2263 2583 2343 2632 ab.
2371 2583 2594 2646 Aristot.)
2633 2593 2683 2634 et

1525 2664 1866 2715 artificialibus
1911 2665 2130 2728 (πίστεις
2175 2662 2440 2728 ἵντεχνοι).
2484 2666 2586 2716 Cic.
2623 2667 2683 2716 de

1528 2747 1665 2797 Orat.
1700 2747 1770 2798 11.
1805 2747 1887 2802 27.
1924 2749 2019 2797 116
2053 2748 2181 2797 inter
2215 2747 2528 2812 probationes
2556 2750 2683 2798 inar-

1525 2829 1752 2879 tificiales
1786 2836 2060 2880 enumerat:
2095 2845 2261 2878 omnes
2300 2846 2375 2879 res
2390 2869 2404 2891 ,
2433 2847 2556 2896 quae
2587 2847 2685 2880 non

1527 2912 1864 2977 excogitantur
1890 2913 1953 2962 ob
1982 2918 2202 2973 oratore,
2231 2912 2316 2962 sed
2346 2913 2395 2961 in
2426 2930 2477 2962 re
2502 2913 2687 2979 positas

1526 2995 1717 3045 ratione
1762 3000 2061 3045 tractantur:
2108 3002 2166 3043 ut
2205 2994 2434 3055 tabulae,
2474 2995 2691 3045 testimo·

1527 3077 1637 3136 nia,
1684 3084 1831 3142 pacta
1846 3116 1859 3137 ,
1904 3084 2142 3128 conventa
2157 3115 2171 3137 ‚
2231 3077 2536 3141 quaestiones
2551 3115 2565 3137 ,
2623 3077 2692 3126 le-

1528 3176 1635 3225 ges,
1670 3167 1868 3210 senatus
1903 3158 2157 3218 consulta,
2191 3174 2266 3207 res
2301 3158 2548 3208 iudicatae
2563 3198 2577 3219 ,
2611 3159 2689 3208 de-

1528 3248 1660 3300 creta
1680 3279 1693 3301 ,
1725 3258 1956 3308 respousa
1990 3249 2042 3291 et
2074 3239 2293 3306 reliqua,
2321 3241 2364 3291 si
2393 3257 2517 3306 quae
2546 3248 2660 3291 sunt
2677 3279 2691 3301 ,

1529 3339 1652 3388 quae
1691 3341 1787 3373 non
1820 3324 1882 3373 ab
1919 3331 2112 3374 oratore
2145 3324 2419 3389 pariuntur.

1594 3405 1890 3457 Probatione
1945 3405 2193 3456 artificiali
2236 3405 2339 3455 sive
2385 3413 2690 3470 argumenta-

1527 3489 1661 3538 tione
1707 3505 1782 3539 res
1817 3487 2090 3554 probabilis
2123 3488 2365 3549 redditur,
2401 3504 2525 3553 quae
2556 3488 2690 3538 testi·

1529 3570 1708 3620 moniis
1735 3587 1850 3620 vera
1877 3587 1979 3621 esse
2014 3570 2397 3629 demonstratur,
2432 3572 2552 3621 haec
2576 3577 2691 3621 suut

1532 3653 1662 3717 apud
1703 3661 1926 3702 nostrum
1970 3649 2245 3713 τεκμήρια,
2289 3669 2414 3718 quae
2457 3660 2623 3704 tamen
2659 3671 2690 3703 a

1532 3735 1814 3785 narratione
1859 3735 1921 3784 ab
1969 3750 2026 3783 eo
2074 3750 2172 3783 non
2216 3734 2581 3800 distinguuntur
2625 3738 2688 3785 cf.

1533 3817 1685 3867 etiam
1733 3820 1757 3880 ς
1802 3817 1865 3865 41
1914 3823 1964 3866 et
1999 3813 2078 3867 57.
2113 3815 2176 3865 cf.
2204 3816 2363 3866 Blass.
2397 3817 2471 3867 l.1.
2509 3816 2608 3867 111.
2644 3819 2691 3868 1.

1532 3915 1612 3965 ΡΒ.
1632 3898 1749 3951 470.
1786 3898 1993 3963 Copiose
2027 3896 2157 3946 banc
2172 3913 2275 3947 rem
2294 3899 2528 3948 tractavit
2546 3897 2693 3948 Volk-

1533 3997 1682 4031 mann
1705 3984 1726 4011 ²
1765 3995 1847 4046 ΡΒ.
1887 3980 1982 4033 176
2015 3994 2137 4043 sqq„
2176 3980 2270 4028 190
2305 3996 2409 4045 sqq.

1603 4059 1969 4126 ἐπιδείξειν
2020 4058 2427 4118 Πολυκλέα,
2469 4060 2656 4111 ὅτι-

1536 4143 1859 4194 διενοεῒτο
1893 4138 2010 4207 xri]
2046 4141 2349 4208 Anticipatio
2384 4146 2445 4193 cf.
2482 4145 2546 4194 ad
2582 4146 2606 4206 ς
2641 4144 2691 4198 8.

1601 4223 1902 4292 αὐτόθεν]
1948 4224 2242 4274 dissentiunt
2291 4224 2417 4274 inter
2463 4242 2513 4276 se
2551 4225 2696 4275 inter·

1534 4314 1696 4376 pretes
1749 4308 1808 4357 de
1854 4322 1999 4358 sensu
2042 4305 2191 4355 huius
2239 4307 2484 4368 vocabuli,
2517 4307 2693 4359 Reiske

1535 4390 1708 4441 vertit:
1746 4405 1850 4438 oum
1895 4387 2055 4439 adhuc
2089 4388 2192 4446 hic,
2231 4388 2463 4450 Athenis,
2497 4390 2548 4438 in
2581 4391 2695 4440 urbe

1534 4477 1687 4532 esset,
1721 4471 1881 4521 wolf:
1925 4475 2063 4528 tunc,
2099 4468 2157 4518 G.
2193 4469 2257 4520 H.
2290 4470 2541 4521 Sobaefer:
2583 4473 2696 4522 Gon-

1523 4555 1732 4621 sestim,
1768 4553 1853 4618 qui
1889 4565 2058 4602 verum
2091 4549 2233 4601 vidit.

1603 4628 1797 4692 οὗτος
1864 4634 1987 4698 γὰρ
2052 4630 2281 4690 irath}
2332 4632 2450 4701 κτδ]
2517 4634 2696 4686 Orator

1535 4714 1877 4785 perspicuitati
1903 4718 2132 4776 studens,
2159 4731 2211 4766 ee
2234 4715 2394 4781 ipsum
2411 4717 2697 4784 interpellat
