3350 5417
1830 619 1920 687 20

681 802 1054 881 Εὐκτήμονα
1101 802 1204 868 τὸν
1252 801 1787 884 πεντηκόνταρχον
1837 805 1922 876 εἰς
1970 799 2359 883 Λάμψακον,
2402 804 2537 876 δοὺς
2580 805 2746 887 αύτῷ
2789 805 3093 887 άργύριον

685 910 786 975 καὶ
848 908 1215 988 γράμματα
1278 907 1423 989 πρὸς
1487 908 1626 981 τοὺς
1689 907 1894 985 ξένους
1941 914 2047 974 τοῦ
2096 907 2328 988 πατρὸς
2378 913 2486 975 τοῦ
2535 911 2718 990 ἐμοῦ,
2768 908 3093 977 ἐκέλευσά

685 1038 783 1091 μοι
850 1014 1039 1082 αὐτὸν
1099 1014 1334 1087 ναύτας
1402 1016 1827 1092 μισθώσασθαι
1874 1018 1951 1087 ὦς
2000 1013 2078 1080 ἂν
2127 1014 2376 1089 δύνηται
2426 1015 2728 1096 άρίστους·
2778 1017 2981 1091 αὐτὸς
3036 1017 3092 1083 δ’

685 1121 1017 1200 ὑπομείνας
1085 1121 1146 1185 ἐν
1210 1122 1432 1201 Σηστῷ
1495 1129 1621 1193 τοῖς
1685 1145 1757 1187 τε
1819 1122 2246 1201 παραμείνασι
2308 1123 2425 1187 τῶν
2492 1123 2772 1204 ἀρχαίων
2838 1132 3095 1190 ναυτῶν

685 1226 875 1294 ἔδωκά
924 1250 1024 1307 τι,
1071 1223 1206 1293 ὅσον
1252 1224 1445 1308 εἶχον,
1495 1229 1703 1305 ἐπειδή
1751 1251 1854 1306 μοι
1907 1228 1935 1292 ὃ
1983 1226 2195 1308 χρόνος
2247 1227 2426 1306 ἐξῆκε
2474 1238 2585 1304 τῆς
2632 1231 3051 1312 τριηραρχίας
3077 1281 3096 1311 ,

685 1334 787 1400 καὶ
838 1333 1073 1414 ἐτέρους
1121 1334 1354 1408 ναύτας
1406 1333 1863 1411 ἐντελομίσθους
1912 1332 2326 1413 προσέλαβον,
2380 1335 2440 1399 ἐν
2488 1331 2608 1415 ὅσῳ
2650 1338 2678 1402 ὃ
2717 1338 3096 1419 στρατηγὸς

625 1471 641 1511 ι
685 1443 788 1508 τόν
851 1440 1172 1507 άνάπλουν
1232 1443 1335 1507 τὸν
1400 1442 1503 1521 ἔφ’
1556 1441 1736 1521 Ἱερὸν
1786 1438 2305 1522 παρεσκευάζετο.
2355 1441 2563 1517 ἐπειδὴ
2610 1441 2667 1510 δ’
2716 1440 2754 1509 δ’
2793 1469 2865 1510 τε
2923 1446 3097 1511 Εὖκ-

685 1548 894 1625 τήμων
943 1543 1082 1622 ἧκεν
1128 1548 1194 1613 ἑκ
1243 1556 1355 1623 τῆς
1403 1548 1775 1627 Λαμψάκου
1823 1546 1996 1625 ἄγων
2043 1546 2183 1619 τοὺς
2234 1547 2468 1621 ναύτας
2519 1545 2615 1619 οὓς
2666 1550 3092 1630 ἐμισθώσατο,

689 1652 792 1719 καὶ
840 1654 868 1718 ὃ
917 1651 1267 1733 στρατηγὸς
1314 1653 1747 1732 παρήγγειλεν
1792 1650 2178 1731 άνάγεσθαι,
2227 1653 2312 1734 τῷ
2350 1654 2466 1731 μὲν
2504 1650 2851 1732 Εὐκτήμονι
2896 1657 3099 1721 α’σθε-

689 1771 863 1835 νῆσαι
904 1757 1202 1839 ἐξαίφνης
1250 1757 1516 1837 συνέβη,
1565 1759 1670 1824 καὶ
1719 1758 1887 1823 πάνυ
1934 1765 2195 1836 πονηρῶς
2245 1758 2516 1835 διετέθη·
2570 1760 2764 1839 τούτῳ
2812 1762 2933 1839 μὲν
2992 1759 3100 1828 οὖν

689 1864 947 1939 ἀποδοὺς
1009 1864 1113 1930 τὸν
1172 1865 1385 1943 μισθὸν
1431 1864 1536 1931 καὶ
1588 1862 1809 1946 ἐφόδια
1857 1862 2129 1943 προσθεὶς
2180 1865 2547 1948 ἀπέπεμψα
2596 1864 2837 1932 οἴκαδε·
2890 1868 3097 1940 αὐτὸς

689 1975 753 2039 δὲ
815 1970 1346 2053 πεντηκόνταρχον
1408 1968 1606 2051 ἕτερον
1669 1970 1884 2047 λαβὼν
1951 1969 2274 2048 άνηγόμην
2335 1970 2434 2037 ἐπὶ
2490 1974 2601 2049 τῆν
2649 1974 3100 2054 παραπομπὴν

763 2200 787 2260 ς
824 2197 886 2246 18
922 2193 1096 2265 αὐτὸν]
1134 2192 1294 2245 αὐτοῦ
1327 2195 1407 2244 vel
1443 2191 1646 2243 αὐτόθεν
1681 2209 1727 2242 v.
1763 2191 2056 2241 Herwerden
2089 2191 2275 2244 Mnem.
2312 2193 2462 2248 1875.

763 2283 786 2343 ς
823 2280 887 2329 19
921 2276 1284 2342 παρήγγειλεν]
1316 2274 1615 2340 ἀνήγγειλεν
1650 2275 1683 2324 S
1716 2278 1916 2340 propter
1951 2271 2244 2337 ἀνάγεσθαι.

697 2463 814 2508 dum
878 2462 952 2507 est
1007 2453 1288 2516 συνεθέμην,
1343 2472 1372 2504 a
1428 2471 1522 2520 quo
1574 2451 1854 2502 Infinitivus
1934 2450 2170 2513 μίσθου
2190 2469 2213 2510 ς
2261 2452 2704 2520 προσέλαβον]
2740 2450 3108 2518 ἐντελόμισθος

699 2538 965 2591 ἀποδοῦναι
1010 2539 1189 2603 pendet
1204 2577 1216 2597 ,
1263 2539 1325 2587 cf.
1358 2537 1567 2596 Boeekh,
1603 2533 1848 2584 Staatsh.²
1933 2534 2176 2598 significat
2218 2536 2452 2601 inteqram
2492 2537 2747 2587 mercedem
2783 2537 3007 2589 obtinens
3041 2542 3107 2589 cf.

701 2627 725 2671 I
758 2639 838 2688 pg.
874 2621 969 2670 185
1002 2638 1080 2670 an.
1119 2637 1163 2669 a.
1197 2619 1289 2668 Est
1323 2635 1434 2683 ergo
1471 2616 1719 2677 δάνεισμα
1754 2612 1858 2663 ἑτε-

705 2707 925 2767 ρόπλουν,
973 2702 1053 2752 cui
1098 2702 1360 2766 opponitur
1403 2698 1651 2760 δάνεισμα
1692 2698 1858 2760 ἀμφο-

705 2787 988 2847 τερόπλουν,
1032 2800 1142 2833 cum
1181 2783 1388 2848 pecunia
1424 2787 1595 2832 mutua
1632 2782 1774 2830 detur
1806 2782 1858 2831 in

705 2868 917 2932 aliquem
951 2872 1148 2931 portum
1182 2870 1232 2914 et
1265 2865 1378 2914 inde
1413 2871 1541 2914 retro
1583 2864 1648 2914 cf.
1681 2863 1858 2926 (Dem.)

705 2949 896 3000 XXXV.
916 2949 979 2998 10
1012 2949 1064 2997 in
1094 2947 1396 3013 syngrapha:
1418 2944 1669 3003 Ἀθήνηθεν
1688 2974 1753 2983 -
1773 2945 1860 2995 καὶ

709 3031 859 3083 πάλιν
889 3027 1108 3094 Ἀθήναζ
1109 3046 1151 3086 ε,
1175 3028 1302 3079 LVI.
1321 3029 1405 3089 29,
1420 3028 1862 3078 Hermann-Bliim-

713 3132 792 3165 ner
824 3113 912 3164 IV.
949 3113 998 3162 2.
1033 3129 1114 3177 pg.
1151 3113 1249 3162 460
1284 3129 1364 3161 an.
1402 3113 1447 3161 1.

776 3198 916 3260 §18.
950 3195 1558 3259 πεντηκόνταρχον]
1591 3194 1862 3258 significare

709 3277 1110 3331 subcenturionem
1177 3276 1384 3326 m'remis
1435 3276 1649 3326 Boeckh.
1699 3276 1864 3336 Seew„

713 3380 790 3428 [ις.
826 3361 922 3410 120
951 3375 1022 3424 sq.
1056 3359 1160 3408 iure
1194 3358 1443 3409 contendit
1472 3365 1641 3408 contre
1678 3358 1866 3424 Harpo-

713 3442 942 3495 crationis
1006 3441 1154 3491 verba
1214 3458 1253 3491 s.
1288 3457 1335 3490 v.
1399 3442 1863 3504 πεντηκόνταρχος·

713 3531 737 3575 ἑ
786 3528 879 3584 τῆς
934 3525 1318 3586 πεντηκοντόρου
1375 3522 1560 3586 ἅρχων,
1613 3523 1675 3581 ὡς
1727 3522 1872 3581 δηλοῖ

713 3606 1024 3671 ὺημοσθένης
1070 3604 1121 3656 ἐν
1170 3612 1240 3671 τῷ
1288 3604 1398 3667 περὶ
1440 3608 1532 3655 τοῦ
1569 3602 1872 3667 ἐπιτριηραρ-

717 3691 974 3755 χήματος,
991 3707 1103 3739 mox
1133 3690 1264 3739 enim
1281 3706 1393 3739 cum
1411 3688 1683 3738 Euctemon
1700 3690 1869 3738 morbo

717 3777 916 3824 affectus
950 3779 1100 3832 esset,
1137 3772 1292 3821 alium
1323 3771 1745 3820 subcenturionem
1777 3771 1870 3820 sibi

717 3856 968 3916 adsciscit,
1003 3860 1107 3904 erat
1141 3854 1292 3904 etiam
1325 3854 1694 3903 administrator
1725 3854 1873 3919 Apol-

717 3938 892 3999 lodori,
925 3938 988 3989 cf.
1026 3937 1150 4001 525.
1186 3937 1260 3986 De
1296 3936 1593 3986 Euctemone
1629 3936 1757 3985 nihil
1791 3954 1873 3985 no-

717 4023 891 4071 vimus.

783 4101 968 4161 αὐτὸς
997 4100 1043 4151 δ’
1065 4099 1420 4166 ὑπομείνας]
1435 4117 1545 4149 mox
1567 4103 1608 4163 (ς
1626 4101 1705 4162 19)
1722 4097 1875 4161 περιέ·

721 4202 889 4247 μεινα,
918 4190 1178 4249 utrumque
1205 4183 1288 4232 hic
1316 4183 1560 4247 significat
1587 4186 1875 4245 exspectare,

721 4268 864 4332 vulgo
911 4273 1075 4316 tamen
1119 4264 1377 4326 ὑπομένειν
1421 4270 1494 4315 est
1527 4264 1763 4313 sustinere
1798 4281 1877 4329 pe-

725 4349 929 4399 riculum
960 4349 1039 4398 vel
1067 4348 1254 4398 malum
1287 4347 1571 4405 imminens,
1607 4352 1695 4395 aut
1711 4347 1875 4396 hostes

721 4430 994 4483 adorientes
1041 4432 1102 4480 cf.
1142 4430 1286 4480 Dem.
1321 4429 1505 4479 XVIII.
1545 4429 1668 4480 204:
1708 4426 1758 4477 οἳ
1790 4427 1875 4477 καὶ

725 4513 814 4571 τῆν
860 4510 1029 4576 χώραν
1075 4511 1161 4561 καὶ
1194 4511 1285 4569 τῆν
1320 4514 1465 4562 πόλιν
1503 4507 1725 4560 ἐκλιπεῖν
1761 4508 1875 4559 ὑπέ-

721 4612 891 4659 μειναν
938 4593 1005 4652 εἷς
1055 4595 1152 4651 τὰς
1199 4591 1406 4656 τριήρεις
1454 4591 1719 4655 εἰσβάντες
1768 4590 1875 4645 κτὲ.

721 4679 870 4728 Isocr.
888 4676 972 4725 VI.
997 4677 1084 4725 55:
1104 4677 1276 4733 πόλεις
1298 4674 1557 4737 ὑπομεῖναι
1576 4675 1876 4736 πολιορκίας.

788 4756 894 4807 καὶ
961 4754 1223 4819 ἑτέρους
1291 4756 1540 4816 ναύτας
1611 4756 1633 4806 ἐ
1655 4768 1809 4806 ντελ
1827 4775 1876 4806 ο-

1936 2620 1958 2679 §
1989 2617 2069 2666 35.
2097 2616 2243 2668 Erret
2273 2619 2349 2667 vir
2382 2619 2428 2668 d.
2457 2619 2687 2683 Lortzing
2717 2635 2800 2684 pg.
2820 2620 2883 2669 56
2904 2628 3109 2672 conten-

1937 2701 2053 2749 dens
2081 2715 2187 2750 voc.
2217 2697 2394 2757 ἐντελῆ
2425 2703 2557 2767 apud
2589 2701 2969 2753 Demosthenem
3003 2721 3107 2754 non

1938 2798 2184 2832 occurrere
2228 2784 2290 2834 cf.
2327 2782 2412 2833 IV.
2451 2785 2543 2833 29:
2582 2783 2708 2833 ὥστ’
2743 2783 2889 2848 ’ἔχειν
2923 2786 3108 2847 μισθὸν

1939 2861 2117 2921 ἐντελῆ
2145 2868 2213 2927 (et
2228 2865 2301 2915 ite.
2329 2866 2523 2931 saepius
2543 2867 2713 2929 Thuc.)
2731 2873 2779 2916 et
2799 2868 2893 2917 33:
2919 2864 3108 2925 ἐντελῆ

1939 2951 2109 2996 πᾶσαν
2144 2947 2237 3005 τὴν
2266 2946 2473 3009 δύναμιν
2503 2945 2598 2997 κτὲ
2612 2954 2668 2998 ut
2688 2950 2861 2998 Aesch.
2882 2949 2953 3000 H.
2977 2950 3109 3003 175:

1940 3029 2149 3092 τριήρεις
2192 3028 2236 3079 δ’
2272 3026 2593 3092 ἐκτησάμεθα
2629 3029 2877 3092 πλοίμους
2912 3032 3003 3082 καὶ
3039 3029 3112 3082 ἐν·

1942 3113 2121 3170 τελεῖς.
2170 3112 2275 3162 Vox
2311 3119 2475 3162 tamen
2510 3114 2779 3179 composita
2813 3131 2911 3164 non
2948 3131 3113 3166 recur-

1943 3195 2009 3262 rit
2041 3195 2138 3243 nisi
2174 3195 2305 3260 apud
2338 3195 2599 3260 sequiores.

2011 3282 2033 3340 ς
2066 3279 2128 3327 19
2165 3274 2498 3343 ἐξαίφνης]
2529 3277 2880 3328 Demosthenes
2916 3296 3114 3345 semper

1943 3362 2070 3411 hanc
2118 3360 2336 3410 adverbii
2380 3362 2589 3410 formem
2649 3366 2851 3426 usurpat
2867 3400 2879 3420 ,
2940 3368 3113 3413 noster

1945 3444 2038 3493 hoc
2082 3444 2191 3493 loco
2239 3448 2289 3492 et
2328 3442 2533 3508 scriptor
2569 3459 2638 3493 or.
2673 3442 2901 3493 XLVIII.
2937 3445 2987 3495 6.
3027 3447 3111 3506 23,

1946 3527 2032 3576 sed
2080 3525 2206 3575 LIX.
2255 3526 2317 3575 99
2370 3521 2603 3589 ἐξαπίνης
2659 3528 2721 3576 cf.
2768 3526 2827 3575 de
2871 3527 2950 3577 his
3000 3546 3114 3579 voe.

1947 3608 2140 3658 Lobeck
2172 3608 2236 3656 ad
2269 3607 2451 3672 Phryn.
2487 3623 2567 3672 pg.
2605 3608 2685 3658 18.

2016 3695 2291 3751 πονηρῶς
2338 3687 2629 3755 διετέθη]
2665 3690 2735 3739 sic
2767 3691 2867 3752 §61
2892 3689 3112 3750 ἀσθενῶς

1950 3771 2181 3833 διέκειτο,
2198 3772 2347 3822 etiam
2364 3772 2492 3821 LIX.
2513 3772 2573 3821 55
2589 3778 2638 3821 et
2662 3772 2721 3825 57
2742 3775 2953 3833 πονηρῶς
2972 3772 3111 3836 ἕχει,

1950 3855 2072 3904 alibi
2106 3855 2237 3919 apud
2271 3854 2647 3904 Demosthenem
2683 3855 2743 3904 de
2778 3870 2976 3919 corpore
3011 3872 3114 3905 non

1951 3942 2213 4002 usurpatur
2245 3939 2305 3987 cf.
2336 3953 2478 4002 porro
2507 3938 2656 3986 Isocr.
2691 3937 2822 3985 XIX.
2842 3937 2933 3986 122
2963 3954 3117 3995 πονη-

1952 4023 2041 4080 ρῶς
2087 4017 2328 4080 διέκειτο,
2372 4017 2458 4069 καὶ
2503 4017 2737 4081 οὐδεμίαν
2771 4016 2958 4067 ἐλπίδα
2996 4016 3115 4083 εἶχε

1952 4103 2044 4149 τοῦ
2079 4100 2216 4162 βίου;
2258 4102 2317 4151 de
2358 4106 2519 4151 mente
2553 4108 2830 4166 usurpatur,
2863 4101 2976 4166 Lys.
3014 4102 3115 4151 III.

1953 4182 2045 4235 27:
2078 4180 2240 4240 δεινῶς
2259 4180 2558 4239 διατεθῆναι,
2591 4183 2729 4232 XIII.
2754 4183 2838 4232 11:
2860 4181 2904 4231 εί
2927 4180 3114 4240 διαθείη

1953 4264 2141 4326 ἀπόρως
2177 4264 2339 4327 ὥσπερ
2376 4263 2606 4322 διέθηκεν.
2641 4265 2761 4315 Xen.
2793 4267 2887 4313 An.
2919 4266 2960 4314 Ι.
3001 4266 3045 4315 1.
3070 4267 3116 4325 5,

1954 4348 2087 4398 Hell.
2137 4347 2195 4397 V.
2245 4348 2291 4397 1.
2323 4350 2371 4407 4,
2419 4347 2567 4397 Isocr.
2608 4347 2695 4397 IV.
2734 4347 2814 4406 28,
2853 4348 2935 4406 43,
2970 4347 3115 4397 Dem.

1954 4431 2057 4490 XX,
2077 4431 2157 4489 22,
2186 4429 2306 4487 τοῦς
2334 4429 2568 4487 ἅπαντας
2596 4428 2828 4486 ἀπίστως
2846 4430 2965 4490 πρὸς
2982 4426 3115 4490 ἡμᾶς

1954 4510 2137 4569 αὐτοὺς
2182 4509 2444 4573 διαθῶμεν;
2497 4511 2570 4561 De
2620 4517 2820 4561 accentu
2853 4512 2914 4560 cf.
2950 4511 3117 4561 Schol.

1953 4595 2154 4644 Lucian.
2189 4594 2330 4644 Alex.
2365 4611 2475 4659 pag.
2509 4595 2572 4643 80
2602 4594 2659 4644 Τ.
2692 4595 2737 4644 5.
2767 4592 3000 4642 Ἀττικοὶ
3029 4592 3114 4643 καῖ

1955 4673 2041 4726 ἐπὶ
2102 4678 2395 4738 σωματικῆς
2454 4674 2712 4734 διαθέσεως
2765 4674 2993 4740 ὀξύνουσι
3051 4676 3111 4725 τὸ

1955 4759 2167 4819 πονηρός.
