3350 5417
1815 652 1905 720 26

665 833 959 901 α’ναπλει.
1029 831 1203 912 οἶμαι
1269 833 1336 901 δέ
1396 858 1523 915 σοι,
1586 834 1747 916 ἔφη,
1794 834 1982 901 αὐτὸν
2029 835 2192 901 οὐδὲν
2241 834 2585 902 διοίσεσθαι·
2635 837 2877 919 ὀφείλει
2934 837 3086 918 γὰρ

664 942 945 1022 ἀργύριον
1007 943 1167 1020 ἐκεῖ,
1233 937 1261 1007 ὃ
1325 943 1619 1007 διαλῦσαι
1682 942 2063 1020 βουλήσεται
2128 943 2196 1006 ἐκ
2245 951 2356 1018 τῆς
2406 951 2592 1020 τιμῆς
2642 950 2761 1009 τῶν
2807 949 3085 1010 σκευῶν.

663 1048 935 1119 α’κούσας
1001 1046 1055 1112 δ’
1122 1044 1291 1120 οὗτος
1354 1052 1566 1114 ταῦτα
1629 1052 1738 1113 τοῦ
1795 1046 1858 1112 τ’
1907 1049 2301 1125 Εὐκτήμονος
2350 1050 2455 1114 καὶ
2508 1054 2615 1115 τοῦ
2664 1050 2899 1116 Δεινίου
2960 1055 3085 1116 τοῦ

665 1154 959 1228 κηδεστοῦ
1022 1158 1128 1219 τοῦ
1195 1155 1380 1235 ἐμοῦ,
1430 1154 1565 1237 περὶ
1615 1157 1729 1232 μὲν
1777 1151 1854 1221 ὧν
1903 1153 2119 1232 ἔλεγον
2169 1156 2339 1234 αὐτῷ
2389 1155 2556 1220 οὐδὲν
2602 1156 2813 1228 αὐτοῖς
2863 1156 3088 1222 οὶποκ-

662 1262 928 1341 ρίνεται,
1001 1259 1377 1338 γελάσαντα
1450 1261 1505 1326 δ’
1577 1258 1831 1343 ἔφασαν
1902 1260 2088 1327 αὐτὸν
2150 1262 2345 1326 εἰπεῖν
2404 1260 2575 1340 ‘dm-1
2639 1265 2760 1339 μῦς
2828 1261 3087 1339 πίττης

569 1364 635 1430 27,
664 1365 946 1445 γεύεται·
1013 1367 1308 1443 ἐβούλετο
1369 1367 1498 1448 γὰρ
1545 1368 1864 1440 Ἀθηναῖος
1912 1361 2114 1431 εἶναι.’
2166 1365 2376 1441 ἐπειδὴ
2425 1366 2623 1431 τοίνυν
2667 1371 2775 1433 τοῦ
2821 1369 3092 1443 Εὐκτή-

662 1495 839 1549 μονος
889 1471 994 1537 καὶ
1044 1476 1152 1537 τοῦ
1203 1471 1438 1538 Δεινίου
1487 1473 1763 1544 α’κούσας
1812 1473 1977 1538 οὐδὲν
2024 1470 2374 1554 ἐφρόντιζε,
2425 1471 2619 1537 πάλιν
2663 1473 2831 1555 αὐτῷ
2879 1497 3087 1555 προσ-

663 1576 948 1660 έρχονται
1012 1575 1256 1660 ὕστερον
1318 1578 1660 1660 Πυθόδωρός
1717 1604 1788 1644 τε
1853 1580 1882 1645 ὅ
1945 1579 2292 1660 Ἀχαρνεὺς
2359 1579 2464 1643 καὶ
2516 1578 2993 1659 Ἀπολλόδωρος
3051 1583 3084 1646 ὃ

667 1683 1072 1765 Λευκονοεύς,
1138 1684 1463 1761 ἐπιτήδειοι
1526 1684 1692 1758 ὄντες
1758 1684 1890 1763 ἐμοὶ
1957 1684 2062 1750 καὶ
2126 1686 2339 1766 φίλοι,
2390 1686 2495 1751 καὶ
2546 1686 2822 1752 ἐκέλευον
2868 1689 3084 1754 αὐτὸν

666 1792 773 1857 ε’πί
831 1816 902 1857 τε
967 1792 1078 1867 τὴν
1139 1798 1286 1858 ναῦν
1334 1792 1586 1858 ἀπιέναι
1633 1795 1712 1864 ὥς
1763 1790 2051 1874 διάδοχον
2098 1790 2281 1872 ὄντα,
2332 1792 2438 1858 καὶ
2489 1792 2621 1875 περ)
2667 1799 2785 1857 τῶν
2830 1801 3085 1860 σκευῶν

570 1902 635 1953 28
666 1896 927 1980 ἔφραζον
976 1900 1178 1984 αὐτῷ,
1228 1895 1318 1966 ὅτι
1369 1897 1496 1964 ἴδια
1543 1897 1753 1981 ἔχοιμι
1801 1897 2064 1965 ἅπαντα
2112 1898 2218 1963 καὶ
2270 1898 2552 1976 δημόσιον
2599 1898 2786 1967 οὐδέν·
2829 1901 2901 1966 ἐἲ
2949 1904 3083 1979 μὲν

665 2001 764 2072 οὖν
828 2006 1066 2077 ἐκείνοις
1131 2007 1356 2079 ἐθέλεις
1419 2006 1719 2090 χρῆσθαι,
1774 2005 2117 2071 κατέλιπέ
2166 2004 2420 2086 ἔφασαν
2470 2006 2777 2088 ’ἀργύριον
2823 2009 3079 2093 αὑτοῦ,

732 2225 755 2284 5
791 2221 853 2270 28
901 2216 1107 2286 ἐθέλεις]
1157 2218 1313 2277 θέλεις
1355 2236 1430 2285 pr.
1474 2219 1535 2280 S,
1572 2235 1595 2268 ε
1629 2219 1682 2268 in
1715 2219 1933 2284 margine
1969 2220 2137 2269 addito
2172 2237 2203 2268 a
2237 2236 2302 2271 m.
2338 2235 2412 2285 pr.
2448 2248 2514 2259 —
2548 2219 2790 2287 χρῆσθαι]
2826 2220 3081 2284 χρήσασ-

664 2302 741 2352 θαι
775 2304 834 2351 A.
871 2330 933 2340 —

665 2481 746 2539 69,
777 2478 886 2528 LII.
918 2479 945 2527 5
964 2495 1063 2543 sq.,
1095 2479 1286 2538 8-11,
1316 2477 1456 2529 LIII.
1476 2479 1536 2527 11
1558 2494 1647 2543 sq.,
1686 2477 1816 2529 LIX.

665 2561 754 2621 70,
802 2562 894 2621 82,
942 2561 1038 2610 110
1054 2577 1125 2625 sq.
1170 2560 1518 2610 Demosthenes
1552 2561 1817 2610 admodum

662 2660 772 2693 raro
820 2659 908 2693 nec
953 2644 1048 2693 nisi
1084 2643 1135 2692 in
1170 2644 1314 2692 rebus
1348 2644 1547 2693 maioris
1580 2644 1818 2693 momenti

662 2727 792 2775 hunc
820 2731 1015 2790 tropum
1044 2731 1263 2790 usurpat.
1296 2727 1358 2775 cf.
1378 2726 1506 2791 Sigg.
1526 2726 1598 2776 1,1.
1616 2742 1696 2791 pg.
1717 2726 1814 2775 420

660 2808 888 2872 Lortzing
920 2809 992 2857 1,1.
1029 2824 1109 2873 pg.
1144 2808 1209 2857 40
1227 2825 1298 2873 sq.

725 2887 1010 2947 ἀκούσας
1077 2887 1124 2937 δ’
1175 2882 1366 2946 οὗτος
1417 2890 1662 2955 ταῦτα]
1722 2891 1817 2940 tali

659 2973 804 3022 modo
823 2972 974 3021 etiam
991 2971 1233 3036 incipiunt
1248 2987 1376 3021 nova
1393 2972 1647 3022 enuntiata
1667 2977 1715 3036 §§
1737 2974 1795 3023 31
1807 3013 1821 3033 ,

663 3055 744 3115 34,
795 3055 876 3115 36,
926 3052 1005 3114 37,
1057 3054 1140 3114 40,
1186 3055 1267 3114 49,
1316 3055 1394 3115 56,
1442 3072 1565 3120 quae
1598 3055 1816 3121 inopiam

663 3137 869 3186 oratoris
903 3136 1214 3186 manifestam
1250 3137 1453 3187 faciunt.

730 3217 875 3280 ἄρτι
924 3221 1041 3280 μῦς
1085 3218 1324 3276 πίττης
1367 3217 1664 3288 γεύεται]
1704 3238 1816 3286 pro·

663 3302 884 3351 verbium
918 3297 1005 3350 ἐπῖ
1040 3305 1137 3349 τῶν
1173 3298 1266 3360 ὀψὲ
1303 3300 1374 3358 εἷς
1409 3300 1634 3358 α’ίσθησιν
1679 3299 1819 3365 ἐρχο-

665 3382 818 3445 μένων
871 3379 921 3431 ἒν
974 3378 1046 3439 οῖς
1090 3380 1213 3431 εἰσιν
1260 3382 1470 3448 Hesych.
1517 3400 1554 3433 s.
1599 3400 1645 3434 v.
1694 3387 1818 3447 μῦς,

663 3466 869 3530 Diogen.
906 3466 954 3514 2.
989 3466 1070 3514 64.

733 3546 976 3610 ἐβούλετο
1025 3548 1124 3610 γὰρ
1178 3546 1430 3606 Ἀθηναῖος
1479 3544 1625 3615 εῖναι]
1669 3549 1819 3600 Pater

661 3630 950 3697 Apollodori
984 3630 1130 3679 Pasio
1166 3636 1215 3680 et
1249 3631 1427 3695 posteri
1448 3631 1551 3681 eius
1569 3633 1705 3681 κατὰ
1724 3632 1817 3692 ψή-

660 3719 830 3776 φισμα
863 3713 992 3762 cives
1020 3717 1135 3762 sunt
1162 3713 1282 3763 facti
1313 3714 1375 3764 cf.
1405 3713 1581 3777 (Dem.)
1609 3714 1738 3765 LIX.
1769 3717 1817 3776 2,

660 3796 832 3847 XLVI.
851 3797 931 3846 15.
956 3795 1101 3845 LIII.
1123 3796 1201 3846 18.
1236 3796 1452 3862 Polyclis
1469 3813 1698 3861 responsa
1716 3798 1820 3847 bre·

662 3879 814 3928 vitate
832 3879 1164 3943 distiguuntur
1183 3879 1243 3927 ab
1256 3879 1542 3944 ambagibus
1556 3880 1819 3944 Apollodo-

660 3962 718 4021 ri,
737 3967 792 4011 ut
810 3961 952 4010 Blass
969 3961 1315 4011 animadvertit
1330 3961 1402 4011 1,1.
1422 3962 1517 4011 ΙΙΙ.
1538 3963 1584 4022 1,
1601 3979 1685 4027 pg.
1701 3961 1817 4014 471.

730 4049 752 4107 ς
788 4043 851 4096 27
897 4041 1273 4101 ἐπιτήδειοι
1304 4042 1495 4102 ’ὄντες
1531 4041 1679 4105 ἐμοὶ
1712 4044 1817 4093 καὶ

661 4127 870 4193 φίλοι]
916 4126 1158 4176 adiectiva
1210 4132 1325 4176 sunt
1376 4127 1705 4191 coqnominata
1754 4128 1814 4177 cf.

662 4195 764 4259 O'ic.
783 4208 925 4259 Part.
957 4209 1094 4258 Orat.
1123 4208 1225 4259 XV.
1256 4209 1333 4258 53.
1365 4208 1522 4258 Blass.
1549 4208 1621 4258 1,1.
1652 4208 1750 4258 ΙΠ.
1768 4210 1815 4258 1.

662 4292 744 4351 93,
773 4291 965 4355 copiose
997 4291 1087 4340 hoc
1115 4292 1174 4340 de
1203 4307 1295 4340 usu
1324 4290 1553 4340 disseruit
1571 4296 1620 4339 et
1636 4291 1813 4340 Straub

660 4390 742 4439 pg.
790 4374 887 4424 122
932 4390 1054 4438 sqq„
1088 4373 1172 4438 qui
1205 4390 1285 4438 pg.
1322 4374 1419 4423 124
1452 4373 1624 4423 multis
1661 4390 1818 4423 exem-

660 4457 758 4522 plis
808 4456 1022 4505 ostendit
1063 4454 1441 4506 Demosthenem
1488 4456 1667 4515 „verba
1713 4472 1818 4520 per-

662 4538 900 4603 cipiendi,
945 4539 1287 4600 cognoscendi,
1329 4537 1657 4597 deliBerandi,
1691 4537 1818 4601 cogi-

1895 2477 1982 2527 καὶ
2026 2477 2398 2536 ἀπειλήσαντος
2413 2517 2426 2536 ,
2473 2480 2623 2529 semel
2658 2485 2919 2530 occurrunt
2955 2482 3078 2530 sub·

1896 2562 2112 2612 stantiva
2146 2561 2489 2626 cognominata
2523 2566 2545 2624 ς
2586 2562 2614 2611 3
2648 2559 2939 2624 πράγματα
2976 2562 3071 2612 καὶ

1895 2644 2131 2707 ἀπορίας,
2160 2649 2332 2709 quater
2359 2643 2601 2693 adiectiva
2620 2682 2633 2704 ,
2661 2659 2834 2709 nempe
2862 2643 3073 2709 praeter

1896 2728 2025 2777 hunc
2053 2727 2218 2776 locum
2250 2728 2356 2789 §64
2387 2731 2485 2776 ter:
2506 2724 2751 2775 εὔτακτον
2773 2724 2857 2774 καὶ
2873 2726 3071 2789 χρήσι-

1896 2826 2003 2871 μον,
2032 2810 2278 2872 χρηστοῖς
2310 2807 2394 2857 καὶ
2417 2805 2716 2866 εὐτάκτοις,
2735 2810 2960 2870 πονηροῖς
2979 2808 3075 2858 καὶ

1894 2891 2216 2953 ἀκοσμοῦσιν,
2244 2891 2320 2940 bis
2350 2890 2581 2940 adverbia
2609 2891 2957 2955 cognominata
2988 2892 3068 2955 §⁷

1895 2972 2156 3023 κάλλιστα
2184 2972 2269 3022 καὶ
2296 2970 2713 3034 διαπρεπέστατα
2742 2983 2791 3022 et
2818 2974 2883 3022 66
2916 2973 3069 3036 ὀρθῶς

1895 3054 1981 3105 καὶ
2000 3053 2211 3113 δικαίως.
2231 3057 2295 3105 cf.
2313 3055 2443 3103 Uhle
2458 3054 2533 3115 1,1.
2549 3071 2631 3120 pg.
2650 3055 2713 3104 60
2733 3055 2959 3120 Sigg.1.1.
2978 3073 3068 3122 pg.

1896 3139 1994 3187 418
2023 3155 2095 3203 sq.
2140 3136 2276 3187 Haec
2309 3138 2464 3202 figura
2494 3154 2525 3185 a
2553 3136 2881 3187 Demosthene
2910 3138 3069 3188 valde

1895 3223 2171 3286 frequenter
2205 3225 2482 3285 usurpatur,
2511 3226 2560 3269 et
2584 3236 2938 3284 nonnunquam
2960 3220 3067 3270 tria

1897 3304 2095 3353 nomina
2138 3303 2496 3366 coniunguntur
2534 3302 2598 3352 cf.
2638 3301 2723 3351 IV.
2754 3302 2817 3350 36
2861 3300 3064 3351 ἔτικτ’

1896 3384 2149 3447 ἀδιόρθωτ’
2161 3383 2346 3446 ἀόρισθ’
2359 3384 2564 3442 ἅπαντα
2577 3389 2626 3433 et
2636 3383 2733 3433 III.
2746 3384 2810 3433 40
2824 3382 3064 3446 &xmo-‘r’

1899 3467 2115 3530 ἅπρακτ’
2146 3467 2377 3524 ἀνόνητα.
2413 3467 2588 3516 Noster
2616 3472 2784 3516 contra
2817 3482 2930 3515 raro
2965 3467 3067 3517 uti-

1896 3557 1977 3601 tur
2019 3550 2112 3599 illa
2156 3551 2217 3599 cf.
2250 3566 2394 3614 porro
2429 3549 2684 3598 Rehdantz
2722 3547 2831 3598 Iud.
2867 3548 2895 3596 1
2930 3565 2975 3598 s.
3011 3566 3063 3600 v.

1896 3633 2248 3696 Erweiterunq,
2285 3632 2372 3681 ubi
2406 3632 2632 3697 exempla
2668 3631 2942 3681 abundant.

1964 3720 1986 3778 §
2022 3715 2086 3764 28
2118 3713 2172 3762 εἶ
2206 3713 2322 3775 μὲν
2352 3708 2456 3762 οῦν
2486 3710 2767 3769 ἐκείνοις
2797 3710 3061 3771 ἐθέλεις

1896 3794 2179 3860 χρῆσθαι
2213 3824 2282 3833 -
2315 3793 2650 3845 κατάλιπε
2696 3822 2762 3833 -
2797 3792 2908 3842 καὶ
2972 3794 3060 3855 μὴ

1897 3876 2352 3929 διακινδύνευε
2413 3906 2482 3915 -
2544 3877 2648 3926 ’ίνα
2717 3874 3057 3926 λύσωνται

1897 3958 2013 4028 κτὲ]
2061 3962 2109 4010 h.
2147 3960 2182 4010 l.
2233 3977 2289 4009 ex
2340 3960 2558 4009 oratione
2603 3959 2786 4008 directa
2831 3958 2883 4007 in
2929 3958 3063 4009 indi-

1895 4050 2078 4093 rectam
2107 4044 2286 4093 transit
2313 4048 2503 4101 orator,
2537 4040 2673 4090 cuius
2707 4041 2779 4090 rei
2806 4057 3059 4105 nusquam

1895 4125 2017 4175 alibi
2060 4125 2334 4190 exemplum
2379 4124 2568 4183 inveni,
2614 4124 2671 4173 G.
2718 4122 2784 4173 H.
2824 4123 3058 4174 Schaefer

1894 4208 2091 4272 iungere
2128 4207 2237 4257 vult
2269 4205 2467 4270 ’ἔφασαν
2502 4207 2581 4255 ἵνα
2618 4204 2899 4267 naam-ma,
2928 4207 3056 4258 haec

1895 4290 2042 4340 verba
2091 4290 2244 4355 igitur
2293 4295 2350 4338 ut
2400 4289 2774 4354 explicationem
2821 4288 3057 4354 interpre-

1893 4377 2029 4422 tatur
2058 4372 2264 4422 oratoris
2295 4373 2357 4421 ad
2386 4372 2534 4420 verba
2552 4370 2821 4436 Pythodori
2838 4376 2886 4420 et
2903 4372 3059 4436 Apol·

1893 4455 2078 4514 lodori,
2126 4471 2221 4519 qua
2265 4454 2317 4503 in
2361 4454 2603 4503 sententia
2645 4470 2741 4502 non
2775 4458 2869 4503 sto.
2903 4454 3057 4519 Apol-

1891 4536 2092 4586 lodorus
2126 4536 2206 4586 vel
2234 4536 2275 4585 is
2306 4536 2390 4600 qui
2415 4552 2502 4601 pro
2534 4553 2591 4585 eo
2621 4536 2746 4586 hanc
2777 4536 3055 4586 orationem

662 4620 826 4679 tandi,
860 4619 1076 4680 dicendi,
1106 4620 1338 4680 fallendi,
1368 4620 1641 4685 decipiendi
1658 4620 1818 4684 dupli·
1894 4619 2111 4685 scripsit,
2158 4625 2401 4682 tempore,
2451 4634 2546 4683 quo
2594 4624 2667 4668 est
2710 4618 2883 4667 habita
2929 4619 3055 4668 haec

663 4703 822 4753 care.”
854 4702 914 4750 In
950 4702 1043 4750 hac
1070 4703 1288 4752 oratione
1317 4703 1466 4751 semel
1495 4703 1640 4751 modo
1667 4702 1814 4750 verba
1895 4701 2078 4760 oratio,
2108 4700 2410 4750 demonstrat
2436 4701 2652 4751 nondum
2668 4700 2881 4765 peritum
2898 4700 3052 4750 fuisse

663 4789 778 4834 sunt
821 4782 1072 4847 duplicata
1118 4787 1141 4845 ς
1187 4784 1252 4832 40
1280 4780 1721 4846 διαχλευάσαντος
1747 4810 1816 4822 -

1893 4783 1987 4832 fori
2016 4787 2065 4831 et
2092 4783 2211 4831 artis
2239 4782 2535 4842 rhetoricae,
2564 4783 2851 4848 praesertim
2881 4783 2933 4831 in
2956 4783 3054 4833 hac
